<?xml version="1.0" encoding="UTF-8"?>
<!DOCTYPE html PUBLIC "-//W3C//DTD XHTML 1.0 Transitional//EN"
    "http://www.w3.org/TR/xhtml1/DTD/xhtml1-transitional.dtd">
<html xmlns="http://www.w3.org/1999/xhtml" xml:lang="en" lang="en">
 <head>
  <title>
</title>
<meta http-equiv="Content-Type" content="text/html;charset=utf-8" />
  <meta name='ocr-system' content='tesseract 3.04.00' />
  <meta name='ocr-capabilities' content='ocr_page ocr_carea ocr_par ocr_line ocrx_word'/>
</head>
<body>
  <div class='ocr_page' id='page_1' title='image "./desublimitateco01longgoog_0155.png"; bbox 0 0 3159 5267; ppageno 0'>
   <div class='ocr_carea' id='block_1_1' title="bbox 295 499 1129 588">
    <p class='ocr_par' dir='ltr' id='par_1_1' title="bbox 295 499 1129 588">
     <span class='ocr_line' id='line_1_1' title="bbox 295 499 1129 588; baseline -0.007 0"><span class='ocrx_word' id='word_1_1' title='bbox 295 501 392 588; x_wconf 92' lang='lat' dir='ltr'><strong>DE</strong></span> <span class='ocrx_word' id='word_1_2' title='bbox 440 499 971 585; x_wconf 80' lang='lat' dir='ltr'>SUBLIMITATE</span> <span class='ocrx_word' id='word_1_3' title='bbox 1018 501 1129 584; x_wconf 68' lang='lat' dir='ltr'><strong>otc..</strong></span> 
     </span>
    </p>
   </div>
   <div class='ocr_carea' id='block_1_2' title="bbox 123 629 1210 3028">
    <p class='ocr_par' dir='ltr' id='par_1_2' title="bbox 123 629 1210 3028">
     <span class='ocr_line' id='line_1_2' title="bbox 178 629 1205 756; baseline -0.004 -28"><span class='ocrx_word' id='word_1_4' title='bbox 178 642 292 728; x_wconf 71' lang='lat' dir='ltr'><strong>antei</strong></span> <span class='ocrx_word' id='word_1_5' title='bbox 309 641 517 756; x_wconf 88' lang='lat' dir='ltr'><strong>periclitati</strong></span> <span class='ocrx_word' id='word_1_6' title='bbox 534 629 655 740; x_wconf 77' lang='lat' dir='ltr'><strong>eraut,</strong></span> <span class='ocrx_word' id='word_1_7' title='bbox 683 637 785 722; x_wconf 67' lang='lat' dir='ltr'><strong>mali:</strong></span> <span class='ocrx_word' id='word_1_8' title='bbox 803 638 1042 751; x_wconf 84' lang='lat' dir='ltr'><strong>delapsusest</strong></span> <span class='ocrx_word' id='word_1_9' title='bbox 1058 639 1205 724; x_wconf 86' lang='lat' dir='ltr'><strong>adrem</strong></span> 
     </span>
     <span class='ocr_line' id='line_1_3' title="bbox 179 766 1205 878; baseline -0.003 -28"><span class='ocrx_word' id='word_1_10' title='bbox 179 770 409 868; x_wconf 85' lang='lat' dir='ltr'><strong>inanimam,</strong></span> <span class='ocrx_word' id='word_1_11' title='bbox 439 783 561 878; x_wconf 83' lang='lat' dir='ltr'><em>nempe</em></span> <span class='ocrx_word' id='word_1_12' title='bbox 584 767 634 847; x_wconf 88' lang='lat' dir='ltr'><strong>ad</strong></span> <span class='ocrx_word' id='word_1_13' title='bbox 665 787 866 875; x_wconf 84' lang='lat' dir='ltr'><strong>pugnam:</strong></span> <span class='ocrx_word' id='word_1_14' title='bbox 894 766 1016 874; x_wconf 90' lang='lat' dir='ltr'>Apud</span> <span class='ocrx_word' id='word_1_15' title='bbox 1039 766 1205 848; x_wconf 84' lang='lat' dir='ltr'><strong>Demos-</strong></span> 
     </span>
     <span class='ocr_line' id='line_1_4' title="bbox 179 888 1203 997; baseline -0.005 -21"><span class='ocrx_word' id='word_1_16' title='bbox 179 892 339 976; x_wconf 87' lang='lat' dir='ltr'><strong>thenem</strong></span> <span class='ocrx_word' id='word_1_17' title='bbox 355 893 448 976; x_wconf 79' lang='lat' dir='ltr'><strong>vero</strong></span> <span class='ocrx_word' id='word_1_18' title='bbox 464 918 547 974; x_wconf 87' lang='lat' dir='ltr'><strong>rem</strong></span> <span class='ocrx_word' id='word_1_19' title='bbox 564 890 679 972; x_wconf 85' lang='lat' dir='ltr'><strong>habet</strong></span> <span class='ocrx_word' id='word_1_20' title='bbox 696 917 790 972; x_wconf 88' lang='lat' dir='ltr'><strong>cum</strong></span> <span class='ocrx_word' id='word_1_21' title='bbox 804 888 915 972; x_wconf 71' lang='lat' dir='ltr'><strong>vittis</strong></span> <span class='ocrx_word' id='word_1_22' title='bbox 924 890 1203 997; x_wconf 85' lang='lat' dir='ltr'><strong>juramentum,</strong></span> 
     </span>
     <span class='ocr_line' id='line_1_5' title="bbox 179 1013 1204 1125; baseline -0.005 -23"><span class='ocrx_word' id='word_1_23' title='bbox 179 1043 226 1102; x_wconf 92' lang='lat' dir='ltr'><strong>ut</strong></span> <span class='ocrx_word' id='word_1_24' title='bbox 246 1018 457 1102; x_wconf 83' lang='lat' dir='ltr'><strong>Chaeronoa</strong></span> <span class='ocrx_word' id='word_1_25' title='bbox 475 1043 553 1098; x_wconf 87' lang='lat' dir='ltr'><strong>non</strong></span> <span class='ocrx_word' id='word_1_26' title='bbox 577 1015 745 1125; x_wconf 88' lang='lat' dir='ltr'><strong>amplius</strong></span> <span class='ocrx_word' id='word_1_27' title='bbox 767 1015 943 1098; x_wconf 76' lang='lat' dir='ltr'><strong>videatur</strong></span> <span class='ocrx_word' id='word_1_28' title='bbox 959 1013 1204 1097; x_wconf 74' lang='lat' dir='ltr'><strong>Atheniensi-</strong></span> 
     </span>
     <span class='ocr_line' id='line_1_6' title="bbox 178 1139 1203 1250; baseline -0.006 -22"><span class='ocrx_word' id='word_1_29' title='bbox 178 1145 252 1228; x_wconf 88' lang='lat' dir='ltr'><strong>bus</strong></span> <span class='ocrx_word' id='word_1_30' title='bbox 276 1143 384 1227; x_wconf 83' lang='lat' dir='ltr'><strong>fuiffe</strong></span> <span class='ocrx_word' id='word_1_31' title='bbox 409 1139 680 1225; x_wconf 88' lang='lat' dir='ltr'><strong>infortunium.</strong></span> <span class='ocrx_word' id='word_1_32' title='bbox 735 1139 790 1222; x_wconf 88' lang='lat' dir='ltr'><strong>Et</strong></span> <span class='ocrx_word' id='word_1_33' title='bbox 817 1140 894 1221; x_wconf 93' lang='lat' dir='ltr'><strong>hoc</strong></span> <span class='ocrx_word' id='word_1_34' title='bbox 915 1141 986 1249; x_wconf 93' lang='lat' dir='ltr'><strong>(ut</strong></span> <span class='ocrx_word' id='word_1_35' title='bbox 1009 1141 1203 1250; x_wconf 81' lang='lat' dir='ltr'><strong>dixi)&#39;eo·</strong></span> 
     </span>
     <span class='ocr_line' id='line_1_7' title="bbox 178 1265 1204 1379; baseline -0.004 -25"><span class='ocrx_word' id='word_1_36' title='bbox 178 1273 271 1354; x_wconf 89' lang='lat' dir='ltr'><strong>dem</strong></span> <span class='ocrx_word' id='word_1_37' title='bbox 298 1295 469 1379; x_wconf 87' lang='lat' dir='ltr'><strong>tempore</strong></span> <span class='ocrx_word' id='word_1_38' title='bbox 496 1269 680 1350; x_wconf 88' lang='lat' dir='ltr'><strong>Probatio</strong></span> <span class='ocrx_word' id='word_1_39' title='bbox 703 1268 758 1350; x_wconf 89' lang='lat' dir='ltr'><strong>est</strong></span> <span class='ocrx_word' id='word_1_40' title='bbox 786 1266 865 1350; x_wconf 85' lang='lat' dir='ltr'><strong>illos</strong></span> <span class='ocrx_word' id='word_1_41' title='bbox 892 1266 992 1350; x_wconf 91' lang='lat' dir='ltr'>nihil</span> <span class='ocrx_word' id='word_1_42' title='bbox 1016 1265 1119 1350; x_wconf 67' lang='lat' dir='ltr'><strong>mali</strong></span> <span class='ocrx_word' id='word_1_43' title='bbox 1144 1268 1204 1350; x_wconf 83' lang='lat' dir='ltr'><strong>fe-</strong></span> 
     </span>
     <span class='ocr_line' id='line_1_8' title="bbox 179 1394 1203 1506; baseline -0.004 -26"><span class='ocrx_word' id='word_1_44' title='bbox 179 1397 280 1498; x_wconf 80' lang='lat' dir='ltr'><strong>ciffe,</strong></span> <span class='ocrx_word' id='word_1_45' title='bbox 334 1395 573 1506; x_wconf 86' lang='lat' dir='ltr'><strong>exemplum,</strong></span> <span class='ocrx_word' id='word_1_46' title='bbox 613 1395 825 1504; x_wconf 87' lang='lat' dir='ltr'><strong>juramenti</strong></span> <span class='ocrx_word' id='word_1_47' title='bbox 867 1395 971 1494; x_wconf 72' lang='lat' dir='ltr'><strong>fidos,</strong></span> <span class='ocrx_word' id='word_1_48' title='bbox 1018 1394 1203 1495; x_wconf 81' lang='lat' dir='ltr'><strong>laudatio,</strong></span> 
     </span>
     <span class='ocr_line' id='line_1_9' title="bbox 180 1518 1204 1630; baseline -0.001 -27"><span class='ocrx_word' id='word_1_49' title='bbox 180 1520 407 1604; x_wconf 85' lang='lat' dir='ltr'><strong>cohortatio.</strong></span> <span class='ocrx_word' id='word_1_50' title='bbox 461 1521 517 1601; x_wconf 90' lang='lat' dir='ltr'><strong>Et</strong></span> <span class='ocrx_word' id='word_1_51' title='bbox 548 1520 736 1630; x_wconf 87' lang='lat' dir='ltr'><strong>quoniam</strong></span> <span class='ocrx_word' id='word_1_52' title='bbox 753 1519 917 1604; x_wconf 84' lang='lat' dir='ltr'><strong>Rhetori</strong></span> <span class='ocrx_word' id='word_1_53' title='bbox 942 1518 1119 1602; x_wconf 85' lang='lat' dir='ltr'><strong>inanimo</strong></span> <span class='ocrx_word' id='word_1_54' title='bbox 1134 1547 1204 1602; x_wconf 88' lang='lat' dir='ltr'><strong>oc·</strong></span> 
     </span>
     <span class='ocr_line' id='line_1_10' title="bbox 123 1647 1205 1758; baseline 0.001 -30"><span class='ocrx_word' id='word_1_55' title='bbox 123 1671 125 1676; x_wconf 83' lang='lat'>·</span> <span class='ocrx_word' id='word_1_56' title='bbox 179 1649 356 1730; x_wconf 88' lang='lat' dir='ltr'><strong>currebat</strong></span> <span class='ocrx_word' id='word_1_57' title='bbox 371 1647 444 1748; x_wconf 87' lang='lat' dir='ltr'><strong>hoc,</strong></span> <span class='ocrx_word' id='word_1_58' title='bbox 475 1651 589 1730; x_wconf 89' lang='lat' dir='ltr'><strong>“Tu</strong></span> <span class='ocrx_word' id='word_1_59' title='bbox 606 1649 675 1758; x_wconf 93' lang='lat' dir='ltr'><strong>qui</strong></span> <span class='ocrx_word' id='word_1_60' title='bbox 694 1649 836 1758; x_wconf 85' lang='lat' dir='ltr'>Remp.</span> <span class='ocrx_word' id='word_1_61' title='bbox 857 1648 1128 1731; x_wconf 72' lang='lat' dir='ltr'><strong>administristi</strong></span> <span class='ocrx_word' id='word_1_62' title='bbox 1144 1648 1205 1729; x_wconf 92' lang='lat' dir='ltr'><strong>lo-</strong></span> 
     </span>
     <span class='ocr_line' id='line_1_11' title="bbox 182 1773 1203 1884; baseline 0.001 -30"><span class='ocrx_word' id='word_1_63' title='bbox 182 1783 209 1820; x_wconf 86' lang='lat'><strong>“</strong></span> <span class='ocrx_word' id='word_1_64' title='bbox 238 1773 363 1884; x_wconf 82' lang='lat' dir='ltr'><strong>querit</strong></span> <span class='ocrx_word' id='word_1_65' title='bbox 381 1773 428 1856; x_wconf 89' lang='lat' dir='ltr'><strong>de</strong></span> <span class='ocrx_word' id='word_1_66' title='bbox 455 1773 574 1873; x_wconf 88' lang='lat' dir='ltr'><strong>clade,</strong></span> <span class='ocrx_word' id='word_1_67' title='bbox 602 1773 739 1855; x_wconf 82' lang='lat' dir='ltr'><strong>deinde</strong></span> <span class='ocrx_word' id='word_1_68' title='bbox 757 1775 862 1882; x_wconf 85' lang='lat' dir='ltr'><strong>juras</strong></span> <span class='ocrx_word' id='word_1_69' title='bbox 882 1801 950 1883; x_wconf 84' lang='lat' dir='ltr'><strong>per</strong></span> <span class='ocrx_word' id='word_1_70' title='bbox 973 1775 1151 1858; x_wconf 61' lang='lat' dir='ltr'><strong>victorias</strong></span> <span class='ocrx_word' id='word_1_71' title='bbox 1163 1779 1203 1870; x_wconf 65' lang='grc' dir='ltr'><strong>ς’·</strong></span> 
     </span>
     <span class='ocr_line' id='line_1_12' title="bbox 181 1897 1205 2011; baseline 0.006 -31"><span class='ocrx_word' id='word_1_72' title='bbox 181 1897 384 2011; x_wconf 66' lang='lat' dir='ltr'><strong>propterea</strong></span> <span class='ocrx_word' id='word_1_73' title='bbox 408 1901 450 1983; x_wconf 89' lang='lat' dir='ltr'><strong>in</strong></span> <span class='ocrx_word' id='word_1_74' title='bbox 480 1900 538 1999; x_wconf 88' lang='lat' dir='ltr'><strong>iis,</strong></span> <span class='ocrx_word' id='word_1_75' title='bbox 573 1928 660 2009; x_wconf 83' lang='lat' dir='ltr'><strong>quae</strong></span> <span class='ocrx_word' id='word_1_76' title='bbox 688 1901 910 2010; x_wconf 79' lang='lat' dir='ltr'><strong>sequuntur,</strong></span> <span class='ocrx_word' id='word_1_77' title='bbox 946 1903 996 1982; x_wconf 89' lang='lat' dir='ltr'><strong>ad</strong></span> <span class='ocrx_word' id='word_1_78' title='bbox 1023 1931 1205 1985; x_wconf 88' lang='lat' dir='ltr'><strong>normam</strong></span> 
     </span>
     <span class='ocr_line' id='line_1_13' title="bbox 181 2025 1206 2140; baseline 0.004 -32"><span class='ocrx_word' id='word_1_79' title='bbox 181 2026 415 2136; x_wconf 82' lang='lat' dir='ltr'><strong>explorat&amp;</strong></span> <span class='ocrx_word' id='word_1_80' title='bbox 437 2053 505 2136; x_wconf 86' lang='lat' dir='ltr'><strong>per</strong></span> <span class='ocrx_word' id='word_1_81' title='bbox 523 2047 659 2108; x_wconf 91' lang='lat' dir='ltr'><strong>tutum</strong></span> <span class='ocrx_word' id='word_1_82' title='bbox 686 2025 757 2107; x_wconf 89' lang='lat' dir='ltr'><strong>iter</strong></span> <span class='ocrx_word' id='word_1_83' title='bbox 773 2027 889 2108; x_wconf 88' lang='lat' dir='ltr'><strong>verba</strong></span> <span class='ocrx_word' id='word_1_84' title='bbox 908 2057 1065 2140; x_wconf 90' lang='lat' dir='ltr'><strong>quoque</strong></span> <span class='ocrx_word' id='word_1_85' title='bbox 1081 2031 1206 2130; x_wconf 85' lang='lat' dir='ltr'><strong>ducit,</strong></span> 
     </span>
     <span class='ocr_line' id='line_1_14' title="bbox 182 2151 1205 2263; baseline 0.003 -28"><span class='ocrx_word' id='word_1_86' title='bbox 182 2155 322 2236; x_wconf 84' lang='lat' dir='ltr'><strong>docent</strong></span> <span class='ocrx_word' id='word_1_87' title='bbox 346 2152 488 2236; x_wconf 82' lang='lat' dir='ltr'>necesse</span> <span class='ocrx_word' id='word_1_88' title='bbox 508 2151 580 2234; x_wconf 85' lang='lat' dir='ltr'><strong>effe</strong></span> <span class='ocrx_word' id='word_1_89' title='bbox 606 2153 725 2235; x_wconf 85' lang='lat' dir='ltr'><strong>etiam</strong></span> <span class='ocrx_word' id='word_1_90' title='bbox 746 2154 787 2233; x_wconf 91' lang='lat' dir='ltr'><strong>in</strong></span> <span class='ocrx_word' id='word_1_91' title='bbox 813 2155 899 2263; x_wconf 75' lang='lat' dir='ltr'><strong>ipsis</strong></span> <span class='ocrx_word' id='word_1_92' title='bbox 927 2154 1120 2242; x_wconf 89' lang='lat' dir='ltr'><strong>furoribus</strong></span> <span class='ocrx_word' id='word_1_93' title='bbox 1143 2160 1205 2240; x_wconf 88' lang='lat' dir='ltr'><strong>so-</strong></span> 
     </span>
     <span class='ocr_line' id='line_1_15' title="bbox 181 2278 1207 2394; baseline 0.004 -33"><span class='ocrx_word' id='word_1_94' title='bbox 181 2280 312 2362; x_wconf 89' lang='lat' dir='ltr'><strong>brium</strong></span> <span class='ocrx_word' id='word_1_95' title='bbox 330 2281 366 2361; x_wconf 89' lang='lat' dir='ltr'><strong>se</strong></span> <span class='ocrx_word' id='word_1_96' title='bbox 383 2278 556 2391; x_wconf 85' lang='lat' dir='ltr'><strong>praestare</strong></span> <span class='ocrx_word' id='word_1_97' title='bbox 566 2316 580 2374; x_wconf 88' lang='lat'>;</span> <span class='ocrx_word' id='word_1_98' title='bbox 609 2285 636 2324; x_wconf 91' lang='lat'><strong>“</strong></span> <span class='ocrx_word' id='word_1_99' title='bbox 654 2305 722 2387; x_wconf 83' lang='lat' dir='ltr'><strong>per</strong></span> <span class='ocrx_word' id='word_1_100' title='bbox 739 2279 825 2362; x_wconf 88' lang='lat' dir='ltr'><strong>illos</strong></span> <span class='ocrx_word' id='word_1_101' title='bbox 838 2281 1002 2390; x_wconf 89' lang='lat' dir='ltr'><strong>(inquit)</strong></span> <span class='ocrx_word' id='word_1_102' title='bbox 1017 2311 1066 2364; x_wconf 86' lang='lat' dir='ltr'><strong>ex</strong></span> <span class='ocrx_word' id='word_1_103' title='bbox 1084 2285 1207 2394; x_wconf 84' lang='lat' dir='ltr'><strong>majo-</strong></span> 
     </span>
     <span class='ocr_line' id='line_1_16' title="bbox 184 2403 1208 2515; baseline 0.007 -32"><span class='ocrx_word' id='word_1_104' title='bbox 184 2413 211 2450; x_wconf 91' lang='lat'><strong>“</strong></span> <span class='ocrx_word' id='word_1_105' title='bbox 240 2406 345 2486; x_wconf 80' lang='lat' dir='ltr'><strong>ribus</strong></span> <span class='ocrx_word' id='word_1_106' title='bbox 361 2404 498 2514; x_wconf 84' lang='lat' dir='ltr'><strong>nostris,</strong></span> <span class='ocrx_word' id='word_1_107' title='bbox 516 2407 586 2513; x_wconf 90' lang='lat' dir='ltr'><strong>qui</strong></span> <span class='ocrx_word' id='word_1_108' title='bbox 604 2403 714 2485; x_wconf 69' lang='lat' dir='ltr'><strong>antei</strong></span> <span class='ocrx_word' id='word_1_109' title='bbox 732 2404 938 2515; x_wconf 86' lang='lat' dir='ltr'><strong>periclitati</strong></span> <span class='ocrx_word' id='word_1_110' title='bbox 956 2409 1101 2490; x_wconf 89' lang='lat' dir='ltr'><strong>suntin</strong></span> <span class='ocrx_word' id='word_1_111' title='bbox 1112 2413 1208 2503; x_wconf 83' lang='lat' dir='ltr'><strong>Ma-</strong></span> 
     </span>
     <span class='ocr_line' id='line_1_17' title="bbox 184 2528 1208 2642; baseline 0.01 -35"><span class='ocrx_word' id='word_1_112' title='bbox 184 2539 213 2576; x_wconf 86' lang='lat'><strong>“</strong></span> <span class='ocrx_word' id='word_1_113' title='bbox 241 2528 412 2628; x_wconf 84' lang='lat' dir='ltr'><strong>rathone,</strong></span> <span class='ocrx_word' id='word_1_114' title='bbox 441 2532 482 2610; x_wconf 82' lang='lat'>&amp;</span> <span class='ocrx_word' id='word_1_115' title='bbox 499 2529 585 2610; x_wconf 85' lang='lat' dir='ltr'><strong>illos</strong></span> <span class='ocrx_word' id='word_1_116' title='bbox 600 2529 668 2642; x_wconf 87' lang='lat' dir='ltr'><strong>qui</strong></span> <span class='ocrx_word' id='word_1_117' title='bbox 686 2528 735 2610; x_wconf 90' lang='lat' dir='ltr'><strong>ad</strong></span> <span class='ocrx_word' id='word_1_118' title='bbox 751 2529 944 2614; x_wconf 85' lang='lat' dir='ltr'><strong>Salamina</strong></span> <span class='ocrx_word' id='word_1_119' title='bbox 962 2535 1003 2616; x_wconf 70' lang='grc' dir='ltr'><strong>δι</strong></span> <span class='ocrx_word' id='word_1_120' title='bbox 1023 2535 1074 2615; x_wconf 91' lang='lat' dir='ltr'><strong>ad</strong></span> <span class='ocrx_word' id='word_1_121' title='bbox 1089 2537 1208 2617; x_wconf 84' lang='lat' dir='ltr'><strong>Atte-</strong></span> 
     </span>
     <span class='ocr_line' id='line_1_18' title="bbox 182 2653 1208 2771; baseline 0.003 -32"><span class='ocrx_word' id='word_1_122' title='bbox 182 2667 213 2704; x_wconf 89' lang='lat'><strong>“</strong></span> <span class='ocrx_word' id='word_1_123' title='bbox 240 2658 398 2742; x_wconf 87' lang='lat' dir='ltr'><strong>mifium</strong></span> <span class='ocrx_word' id='word_1_124' title='bbox 415 2653 540 2739; x_wconf 87' lang='lat' dir='ltr'><strong>navali</strong></span> <span class='ocrx_word' id='word_1_125' title='bbox 557 2654 696 2766; x_wconf 86' lang='lat' dir='ltr'><strong>proelio</strong></span> <span class='ocrx_word' id='word_1_126' title='bbox 709 2655 957 2757; x_wconf 67' lang='lat' dir='ltr'><strong>dimicarunt,</strong></span> <span class='ocrx_word' id='word_1_127' title='bbox 975 2661 1016 2742; x_wconf 76' lang='grc' dir='ltr'><strong>δε</strong></span> <span class='ocrx_word' id='word_1_128' title='bbox 1032 2659 1119 2742; x_wconf 83' lang='lat' dir='ltr'><strong>illos</strong></span> <span class='ocrx_word' id='word_1_129' title='bbox 1136 2661 1208 2771; x_wconf 90' lang='lat' dir='ltr'><strong>qui</strong></span> 
     </span>
     <span class='ocr_line' id='line_1_19' title="bbox 182 2783 1209 2870; baseline 0.003 -3"><span class='ocrx_word' id='word_1_130' title='bbox 182 2784 289 2867; x_wconf 86' lang='lat' dir='ltr'><strong>“ad</strong></span> <span class='ocrx_word' id='word_1_131' title='bbox 321 2783 479 2867; x_wconf 82' lang='lat' dir='ltr'><strong>Piataeas</strong></span> <span class='ocrx_word' id='word_1_132' title='bbox 505 2783 586 2864; x_wconf 88' lang='lat' dir='ltr'><strong>acie</strong></span> <span class='ocrx_word' id='word_1_133' title='bbox 617 2783 801 2865; x_wconf 79' lang='lat' dir='ltr'><strong>steterunt</strong></span> <span class='ocrx_word' id='word_1_134' title='bbox 828 2783 1033 2869; x_wconf 62' lang='lat' dir='ltr'><strong>instruiti:</strong></span> <span class='ocrx_word' id='word_1_135' title='bbox 1052 2789 1076 2820; x_wconf 92' lang='lat'><strong>”</strong></span> <span class='ocrx_word' id='word_1_136' title='bbox 1115 2789 1209 2870; x_wconf 89' lang='lat' dir='ltr'><strong>nus-</strong></span> 
     </span>
     <span class='ocr_line' id='line_1_20' title="bbox 185 2909 1210 3028; baseline 0 -31"><span class='ocrx_word' id='word_1_137' title='bbox 185 2942 307 3028; x_wconf 85' lang='lat' dir='ltr'><strong>quam</strong></span> <span class='ocrx_word' id='word_1_138' title='bbox 329 2913 431 2996; x_wconf 85' lang='lat' dir='ltr'><strong>dixit</strong></span> <span class='ocrx_word' id='word_1_139' title='bbox 458 2910 571 3022; x_wconf 90' lang='lat' dir='ltr'><strong>“qui</strong></span> <span class='ocrx_word' id='word_1_140' title='bbox 597 2909 811 3009; x_wconf 83' lang='lat' dir='ltr'><strong>vicerunt,”</strong></span> <span class='ocrx_word' id='word_1_141' title='bbox 840 2911 904 2993; x_wconf 82' lang='lat' dir='ltr'><strong>sed</strong></span> <span class='ocrx_word' id='word_1_142' title='bbox 920 2916 1082 2996; x_wconf 87' lang='lat' dir='ltr'><strong>omnino</strong></span> <span class='ocrx_word' id='word_1_143' title='bbox 1102 2915 1210 3026; x_wconf 76' lang='lat' dir='ltr'><strong>quast</strong></span> 
     </span>
    </p>
   </div>
   <div class='ocr_carea' id='block_1_3' title="bbox 1289 499 1377 608">
    <p class='ocr_par' dir='ltr' id='par_1_3' title="bbox 1289 499 1377 608">
     <span class='ocr_line' id='line_1_21' title="bbox 1289 499 1377 608; baseline 0.023 -30"><span class='ocrx_word' id='word_1_144' title='bbox 1289 499 1377 608; x_wconf 84' lang='lat'>’113</span> 
     </span>
    </p>
   </div>
   <div class='ocr_carea' id='block_1_4' title="bbox 186 3037 1312 3150">
    <p class='ocr_par' dir='ltr' id='par_1_4' title="bbox 186 3037 1312 3150">
     <span class='ocr_line' id='line_1_22' title="bbox 186 3037 1312 3150; baseline 0 -26"><span class='ocrx_word' id='word_1_145' title='bbox 186 3041 295 3126; x_wconf 81' lang='lat' dir='ltr'><strong>furto</strong></span> <span class='ocrx_word' id='word_1_146' title='bbox 314 3039 479 3123; x_wconf 84' lang='lat' dir='ltr'><strong>removit</strong></span> <span class='ocrx_word' id='word_1_147' title='bbox 501 3037 662 3119; x_wconf 71' lang='lat' dir='ltr'><strong>eventus</strong></span> <span class='ocrx_word' id='word_1_148' title='bbox 690 3066 847 3137; x_wconf 89' lang='lat' dir='ltr'><strong>nomen,</strong></span> <span class='ocrx_word' id='word_1_149' title='bbox 875 3043 968 3150; x_wconf 86' lang='lat' dir='ltr'><strong>quia</strong></span> <span class='ocrx_word' id='word_1_150' title='bbox 991 3040 1211 3126; x_wconf 78' lang='lat' dir='ltr'><strong>fortunatos</strong></span> <span class='ocrx_word' id='word_1_151' title='bbox 1310 3144 1312 3147; x_wconf 16' lang='grc' dir='ltr'>Ι</span> 
     </span>
    </p>
   </div>
   <div class='ocr_carea' id='block_1_5' title="bbox 172 3164 1216 3660">
    <p class='ocr_par' dir='ltr' id='par_1_5' title="bbox 172 3164 1216 3633">
     <span class='ocr_line' id='line_1_23' title="bbox 186 3164 1212 3280; baseline -0.004 -24"><span class='ocrx_word' id='word_1_152' title='bbox 186 3169 276 3273; x_wconf 82' lang='lat' dir='ltr'><strong>fuit,</strong></span> <span class='ocrx_word' id='word_1_153' title='bbox 310 3171 433 3280; x_wconf 81' lang='lat' dir='ltr'><strong>iisque</strong></span> <span class='ocrx_word' id='word_1_154' title='bbox 464 3166 585 3262; x_wconf 85' lang='lat' dir='ltr'><strong>rebus,</strong></span> <span class='ocrx_word' id='word_1_155' title='bbox 625 3190 712 3273; x_wconf 84' lang='lat' dir='ltr'><strong>quae</strong></span> <span class='ocrx_word' id='word_1_156' title='bbox 746 3167 797 3248; x_wconf 88' lang='lat' dir='ltr'><strong>ad</strong></span> <span class='ocrx_word' id='word_1_157' title='bbox 827 3164 1081 3251; x_wconf 77' lang='lat' dir='ltr'><strong>Charoneam</strong></span> <span class='ocrx_word' id='word_1_158' title='bbox 1101 3169 1212 3280; x_wconf 75' lang='lat' dir='ltr'><strong>gesta</strong></span> 
     </span>
     <span class='ocr_line' id='line_1_24' title="bbox 172 3289 1212 3410; baseline -0.005 -30"><span class='ocrx_word' id='word_1_159' title='bbox 172 3305 282 3410; x_wconf 77' lang='lat' dir='ltr'><strong>stent,</strong></span> <span class='ocrx_word' id='word_1_160' title='bbox 300 3291 533 3378; x_wconf 80' lang='lat' dir='ltr'><strong>contrarius:</strong></span> <span class='ocrx_word' id='word_1_161' title='bbox 561 3314 680 3398; x_wconf 81' lang='lat' dir='ltr'><strong>quare</strong></span> <span class='ocrx_word' id='word_1_162' title='bbox 693 3289 733 3370; x_wconf 74' lang='grc' dir='ltr'><strong>δι</strong></span> <span class='ocrx_word' id='word_1_163' title='bbox 749 3289 967 3372; x_wconf 87' lang='lat' dir='ltr'><strong>auditorem</strong></span> <span class='ocrx_word' id='word_1_164' title='bbox 979 3295 1212 3403; x_wconf 77' lang='lat' dir='ltr'><strong>praveniens</strong></span> 
     </span>
     <span class='ocr_line' id='line_1_25' title="bbox 187 3415 1216 3633; baseline -0.009 -124"><span class='ocrx_word' id='word_1_165' title='bbox 187 3425 318 3510; x_wconf 79' lang='lat' dir='ltr'><strong>statim</strong></span> <span class='ocrx_word' id='word_1_166' title='bbox 345 3417 507 3530; x_wconf 88' lang='lat' dir='ltr'><strong>subjicit,</strong></span> <span class='ocrx_word' id='word_1_167' title='bbox 538 3423 679 3528; x_wconf 89' lang='lat' dir='ltr'><strong>“quos</strong></span> <span class='ocrx_word' id='word_1_168' title='bbox 701 3441 834 3497; x_wconf 81' lang='lat' dir='ltr'><strong>omnes</strong></span> <span class='ocrx_word' id='word_1_169' title='bbox 859 3415 1043 3594; x_wconf 46' lang='lat' dir='ltr'><strong>(inquitg</strong></span> <span class='ocrx_word' id='word_1_170' title='bbox 1056 3421 1216 3633; x_wconf 49' lang='grc' dir='ltr'><strong>ἫὼΙὶεἰ</strong></span> 
     </span>
    </p>

    <p class='ocr_par' dir='ltr' id='par_1_6' title="bbox 988 3575 1198 3660">
     <span class='ocr_line' id='line_1_26' title="bbox 988 3575 1198 3660; baseline 0.01 -30"><span class='ocrx_word' id='word_1_171' title='bbox 988 3621 998 3630; x_wconf 83' lang='grc'>.</span> <span class='ocrx_word' id='word_1_172' title='bbox 1105 3575 1153 3660; x_wconf 90' lang='lat' dir='ltr'><strong>pe</strong></span> <span class='ocrx_word' id='word_1_173' title='bbox 1169 3578 1198 3632; x_wconf 83' lang='grc' dir='ltr'><strong>ιι</strong></span> 
     </span>
    </p>
   </div>
   <div class='ocr_carea' id='block_1_6' title="bbox 190 3687 1218 4206">
    <p class='ocr_par' dir='ltr' id='par_1_7' title="bbox 190 3687 1218 3948">
     <span class='ocr_line' id='line_1_27' title="bbox 191 3687 1218 3779; baseline -0.002 -14"><span class='ocrx_word' id='word_1_174' title='bbox 191 3707 249 3768; x_wconf 69' lang='grc' dir='ltr'><strong>διε.</strong></span> <span class='ocrx_word' id='word_1_175' title='bbox 263 3697 337 3762; x_wconf 65' lang='grc' dir='ltr'><strong>διὰ.</strong></span> <span class='ocrx_word' id='word_1_176' title='bbox 350 3717 380 3770; x_wconf 85' lang='lat'><strong>4.</strong></span> <span class='ocrx_word' id='word_1_177' title='bbox 396 3715 424 3779; x_wconf 80' lang='lat' dir='ltr'><strong>p.</strong></span> <span class='ocrx_word' id='word_1_178' title='bbox 438 3716 487 3758; x_wconf 74' lang='grc' dir='ltr'><strong>ιι.</strong></span> <span class='ocrx_word' id='word_1_179' title='bbox 508 3709 624 3774; x_wconf 70' lang='lat' dir='ltr'><strong>quaque</strong></span> <span class='ocrx_word' id='word_1_180' title='bbox 639 3691 682 3750; x_wconf 86' lang='lat' dir='ltr'><strong>in·</strong></span> <span class='ocrx_word' id='word_1_181' title='bbox 722 3687 776 3763; x_wconf 64' lang='lat' dir='ltr'><strong>riis</strong></span> <span class='ocrx_word' id='word_1_182' title='bbox 793 3687 954 3768; x_wconf 58' lang='grc' dir='ltr'><strong>ἐξῶσαι</strong></span> <span class='ocrx_word' id='word_1_183' title='bbox 967 3694 1069 3773; x_wconf 69' lang='lat' dir='ltr'><strong>truie,</strong></span> <span class='ocrx_word' id='word_1_184' title='bbox 1085 3690 1218 3768; x_wconf 64' lang='grc' dir='ltr'><strong>ῐθιψινέ</strong></span> 
     </span>
     <span class='ocr_line' id='line_1_28' title="bbox 190 3773 1216 3870; baseline -0.006 -23"><span class='ocrx_word' id='word_1_185' title='bbox 190 3782 440 3870; x_wconf 69' lang='grc' dir='ltr'><strong>[πρεῐιεᾶοηιιι</strong></span> <span class='ocrx_word' id='word_1_186' title='bbox 454 3777 539 3840; x_wconf 78' lang='lat' dir='ltr'><strong>docui</strong></span> <span class='ocrx_word' id='word_1_187' title='bbox 556 3779 587 3836; x_wconf 79' lang='lat' dir='ltr'><strong>in</strong></span> <span class='ocrx_word' id='word_1_188' title='bbox 602 3773 681 3838; x_wconf 75' lang='lat' dir='ltr'><strong>Noti</strong></span> <span class='ocrx_word' id='word_1_189' title='bbox 721 3778 840 3864; x_wconf 69' lang='grc' dir='ltr'><strong>Ἀιχίνη</strong></span> <span class='ocrx_word' id='word_1_190' title='bbox 866 3785 923 3842; x_wconf 83' lang='lat' dir='ltr'><strong>&amp;c.</strong></span> <span class='ocrx_word' id='word_1_191' title='bbox 962 3783 1012 3844; x_wconf 82' lang='lat' dir='ltr'><strong>ubi</strong></span> <span class='ocrx_word' id='word_1_192' title='bbox 1033 3804 1087 3864; x_wconf 84' lang='lat' dir='ltr'><strong>pro</strong></span> <span class='ocrx_word' id='word_1_193' title='bbox 1112 3777 1216 3861; x_wconf 63' lang='grc' dir='ltr'><strong><em>ὅμοίως</em></strong></span> 
     </span>
     <span class='ocr_line' id='line_1_29' title="bbox 192 3861 1217 3948; baseline -0.009 -12"><span class='ocrx_word' id='word_1_194' title='bbox 192 3873 230 3936; x_wconf 71' lang='lat' dir='ltr'><strong>ad</strong></span> <span class='ocrx_word' id='word_1_195' title='bbox 249 3871 338 3934; x_wconf 79' lang='lat' dir='ltr'><strong>verba</strong></span> <span class='ocrx_word' id='word_1_196' title='bbox 357 3866 396 3946; x_wconf 68' lang='grc' dir='ltr'>τί</span> <span class='ocrx_word' id='word_1_197' title='bbox 420 3861 524 3948; x_wconf 51' lang='lat' dir='ltr'><strong>unxi,</strong></span> <span class='ocrx_word' id='word_1_198' title='bbox 548 3884 576 3946; x_wconf 84' lang='lat' dir='ltr'><strong>p.</strong></span> <span class='ocrx_word' id='word_1_199' title='bbox 595 3882 661 3924; x_wconf 77' lang='lat' dir='ltr'><strong>tto.</strong></span> <span class='ocrx_word' id='word_1_200' title='bbox 722 3867 797 3928; x_wconf 69' lang='lat' dir='ltr'><strong>forti</strong></span> <span class='ocrx_word' id='word_1_201' title='bbox 813 3867 967 3948; x_wconf 80' lang='lat' dir='ltr'><strong>legendum</strong></span> <span class='ocrx_word' id='word_1_202' title='bbox 984 3865 1131 3940; x_wconf 61' lang='grc' dir='ltr'><strong>δἰιμοείυς</strong></span> <span class='ocrx_word' id='word_1_203' title='bbox 1143 3887 1153 3925; x_wconf 82' lang='lat' dir='ltr'><strong>t</strong></span> <span class='ocrx_word' id='word_1_204' title='bbox 1167 3865 1217 3928; x_wconf 79' lang='lat' dir='ltr'><strong>hie</strong></span> 
     </span>
    </p>

    <p class='ocr_par' dir='ltr' id='par_1_8' title="bbox 193 3943 1218 4206">
     <span class='ocr_line' id='line_1_30' title="bbox 233 3943 1218 4032; baseline -0.007 -15"><span class='ocrx_word' id='word_1_205' title='bbox 233 3943 684 4027; x_wconf 65' lang='lat' dir='ltr'><strong>L.u1t.0mm7n&amp;c.]1n</strong></span> <span class='ocrx_word' id='word_1_206' title='bbox 725 3956 804 4013; x_wconf 84' lang='lat' dir='ltr'><strong>enim</strong></span> <span class='ocrx_word' id='word_1_207' title='bbox 835 3955 985 4032; x_wconf 77' lang='lat' dir='ltr'><strong>Longinus</strong></span> <span class='ocrx_word' id='word_1_208' title='bbox 1011 3952 1079 4013; x_wconf 83' lang='lat' dir='ltr'><strong>dicit</strong></span> <span class='ocrx_word' id='word_1_209' title='bbox 1110 3947 1218 4024; x_wconf 54' lang='lat' dir='ltr'><strong>iouia</strong></span> 
     </span>
     <span class='ocr_line' id='line_1_31' title="bbox 193 4029 1218 4114; baseline -0.004 -12"><span class='ocrx_word' id='word_1_210' title='bbox 193 4039 338 4102; x_wconf 74' lang='lat' dir='ltr'><strong>codicibus</strong></span> <span class='ocrx_word' id='word_1_211' title='bbox 366 4032 570 4094; x_wconf 70' lang='lat' dir='ltr'><strong>Demostheni·</strong></span> <span class='ocrx_word' id='word_1_212' title='bbox 605 4029 685 4090; x_wconf 63' lang='lat' dir='ltr'><strong>bem</strong></span> <span class='ocrx_word' id='word_1_213' title='bbox 724 4029 871 4114; x_wconf 63' lang='grc' dir='ltr'><strong>θημοσῖᾳ,</strong></span> <span class='ocrx_word' id='word_1_214' title='bbox 900 4041 930 4095; x_wconf 71' lang='grc' dir='ltr'><strong>ὅ(</strong></span> <span class='ocrx_word' id='word_1_215' title='bbox 953 4037 1116 4098; x_wconf 77' lang='lat' dir='ltr'><strong>Plutarchut</strong></span> <span class='ocrx_word' id='word_1_216' title='bbox 1136 4039 1167 4099; x_wconf 84' lang='lat' dir='ltr'><strong>itt</strong></span> <span class='ocrx_word' id='word_1_217' title='bbox 1183 4038 1218 4098; x_wconf 87' lang='lat' dir='ltr'><strong>li·</strong></span> 
     </span>
     <span class='ocr_line' id='line_1_32' title="bbox 193 4107 1218 4206; baseline -0.005 -20"><span class='ocrx_word' id='word_1_218' title='bbox 193 4125 241 4186; x_wconf 84' lang='lat' dir='ltr'><strong>hic</strong></span> <span class='ocrx_word' id='word_1_219' title='bbox 263 4120 350 4206; x_wconf 82' lang='lat' dir='ltr'><strong>patrio</strong></span> <span class='ocrx_word' id='word_1_220' title='bbox 370 4117 450 4180; x_wconf 78' lang='lat' dir='ltr'><strong>aliter</strong></span> <span class='ocrx_word' id='word_1_221' title='bbox 474 4116 575 4200; x_wconf 71' lang='lat' dir='ltr'><strong>tegitur</strong></span> <span class='ocrx_word' id='word_1_222' title='bbox 599 4109 631 4182; x_wconf 71' lang='lat' dir='ltr'><strong>it</strong></span> <span class='ocrx_word' id='word_1_223' title='bbox 650 4107 685 4176; x_wconf 77' lang='lat' dir='ltr'><strong>ii·</strong></span> <span class='ocrx_word' id='word_1_224' title='bbox 726 4119 781 4180; x_wconf 86' lang='lat' dir='ltr'><strong>bro</strong></span> <span class='ocrx_word' id='word_1_225' title='bbox 807 4121 858 4184; x_wconf 82' lang='lat' dir='ltr'><strong>ult.</strong></span> <span class='ocrx_word' id='word_1_226' title='bbox 883 4119 919 4180; x_wconf 82' lang='lat' dir='ltr'><strong>de</strong></span> <span class='ocrx_word' id='word_1_227' title='bbox 946 4120 1037 4202; x_wconf 68' lang='lat' dir='ltr'><strong>giorii</strong></span> <span class='ocrx_word' id='word_1_228' title='bbox 1060 4123 1218 4193; x_wconf 70' lang='lat' dir='ltr'><strong>Athenien·</strong></span> 
     </span>
    </p>
   </div>
   <div class='ocr_carea' id='block_1_7' title="bbox 192 4201 1220 4358">
    <p class='ocr_par' dir='ltr' id='par_1_9' title="bbox 192 4201 1220 4358">
     <span class='ocr_line' id='line_1_33' title="bbox 192 4201 1220 4358; baseline -0.018 -70"><span class='ocrx_word' id='word_1_229' title='bbox 192 4215 307 4296; x_wconf 60' lang='lat' dir='ltr'><strong>valiat</strong></span> <span class='ocrx_word' id='word_1_230' title='bbox 326 4213 428 4299; x_wconf 65' lang='grc' dir='ltr'><strong>ὅμοίως</strong></span> <span class='ocrx_word' id='word_1_231' title='bbox 446 4208 462 4282; x_wconf 88' lang='lat' dir='ltr'><strong>ti</strong></span> <span class='ocrx_word' id='word_1_232' title='bbox 486 4217 587 4286; x_wconf 66' lang='lat' dir='ltr'><strong>eim·</strong></span> <span class='ocrx_word' id='word_1_233' title='bbox 602 4206 684 4279; x_wconf 62' lang='grc' dir='ltr'><strong>Μ·</strong></span> <span class='ocrx_word' id='word_1_234' title='bbox 726 4201 1138 4358; x_wconf 59' lang='lat' dir='ltr'><strong>fium,1adh2c1&gt;etoosthenit</strong></span> <span class='ocrx_word' id='word_1_235' title='bbox 1154 4226 1220 4353; x_wconf 43' lang='lat' dir='ltr'><strong>teht¹</strong></span> 
     </span>
    </p>
   </div>
   <div class='ocr_carea' id='block_1_8' title="bbox 0 0 1603 5267">
    <p class='ocr_par' dir='ltr' id='par_1_10' title="bbox 0 0 1603 5267">
     <span class='ocr_line' id='line_1_34' title="bbox 0 0 1603 5267; baseline 0 0"><span class='ocrx_word' id='word_1_236' title='bbox 0 0 1603 5267; x_wconf 95' lang='lat' dir='ltr'><strong> </strong></span> 
     </span>
    </p>
   </div>
  </div>
 </body>
</html>
