3159 5267
171 1053 237 1211 S
243 1051 320 1133 CI
317 1052 363 1133 A
370 1040 411 1130 T
424 1047 559 1132 Leuior
574 1077 641 1149 me,
669 1056 750 1132 cum
769 1044 935 1182 primum
959 1051 1121 1144 animum
1147 1053 1202 1134 od

255 1173 494 1286 scribendum
521 1192 610 1285 appe
610 1173 746 1274 I‚ierem
774 1167 897 1255 nihil
893 1173 1004 1256 aliud
1022 1177 1062 1258 ob
1085 1175 1197 1260 oculos

169 1303 341 1418 babuiffe,
353 1301 462 1415 qudm
478 1318 523 1383 ut
539 1300 849 1401 Commentarium
862 1299 1023 1412 Longini
1038 1302 1083 1386 de
1099 1303 1196 1386 Sub-
1310 1290 1312 1296 ¹

169 1429 339 1511 limitato·
347 1425 573 1509 emendatum
586 1429 639 1510 -&
655 1423 765 1508 Notis
794 1423 1017 1534 illustratum
1043 1429 1196 1539 evulga-

17 1575 25 1587 ‘
167 1581 268 1635 rem:
282 1580 376 1634 nunc
393 1549 481 1632 uero
491 1547 920 1664 quorundamamicorum
936 1553 1195 1662 confiliasecu„

168 1693 230 1759 tus
243 1675 336 1759 addo
349 1675 461 1758 etiam
477 1677 703 1786 Fragmenta
719 1673 800 1773 illa,
827 1703 909 1784 quae
924 1675 1017 1756 dmi
1031 1679 1197 1786 Longino

161 1803 371 1915 plenumque
394 1800 622 1913 adjudicant,
650 1827 796 1911 quaque
810 1815 879 1880 aut
894 1827 941 1880 ex
963 1801 1091 1882 MStis
1107 1795 1194 1900 Vat,

168 1929 213 2025 Θ
230 1927 325 2010 Ριι.
342 1942 411 2008 aut
428 1951 474 2007 en
492 1921 751 2034 Porphyrii&
770 1921 920 2037 Eufibii
931 1925 1089 2034 striptis
1102 1943 1193 2036 pro*

155 2052 374 2162 feruntur:
414 2053 466 2131 In
500 2050 558 2132 bis
584 2045 726 2132 edendis
742 2053 894 2156 secutus
910 2053 1001 2160 stom
1025 2052 1195 2136 ultimam

170 2175 410 2286 CLHudsoni
437 2175 626 2260 editionem
653 2175 898 2294 Oxonierffem,
924 2207 1004 2288 qua
1028 2179 1194 2282 Boivini,

169 2291 280 2382 still·
220 2300 291 2400 ΙΙιι,
320 2301 492 2410 &iffius
509 2300 675 2410 Hudsoni
691 2303 814 2382 Notas
836 2297 931 2382 ad
915 2331 1026 2386 omum
1043 2306 1195 2416 pagina

168 2422 317 2518 additas
330 2425 501 2507 exhibet:
529 2424 649 2510 Nihil
654 2423 748 2536 feri
763 2423 836 2534 ipse
848 2426 945 2536 feci,
973 2456 1000 2507 n
1000 2425 1044 2535 ſs
1000 2446 1098 2509 ut
1104 2431 1194 2538 pro

171 2581 270 2632 mum
295 2539 558 2661 Fragmentum
585 2581 630 2633 ex
647 2549 879 2662 praefatione
906 2539 1070 2635 editionis
1094 2558 1195 2638 Ono-

168 2673 296 2782 nienſss
313 2676 382 2759 buc
399 2675 625 2777 adducerem,
654 2679 698 2762 &
714 2693 924 2758 coeterorum
941 2676 1100 2761 ordinem
1113 2709 1195 2764 mu-

169 2819 300 2901 tarem,
329 2806 373 2886 &
388 2807 580 2913 versionem
599 2804 794 2915 permultis
810 2804 851 2883 in
867 2801 951 2885 locis
966 2806 1193 2916 corrigerem,

168 2928 326 3010 omnibus
352 2928 503 3041 donique
525 2931 582 3013 his
598 2929 830 3041 Fragmentis
848 2930 965 3038 pauci
999 2960 1076 3012 mas
1092 2933 1197 3044 (qua

170 3051 212 3135 in
229 3054 371 3165 legendo
389 3057 483 3140 mihi
503 3055 749 3154 occurrebant,
778 3055 958 3167 litoraque
982 3059 1028 3140 P.
1037 3059 1186 3168 stgnnn

171 3181 262 3282 tur)
280 3183 400 3262 Notus
419 3199 488 3267 aut
510 3179 724 3266 emendandi
745 3197 814 3264 aut
836 3181 1042 3292 explicandi
1057 3184 1164 3316 grati

171 3303 387 3417 famicerem.
