3159 5267
358 427 451 508 on
504 430 1027 523 sussutntunnu
1080 443 1154 526 oc.
1363 471 1440 560 135

238 565 473 674 Figuratum
504 571 846 654 abundantiffimus
877 577 926 658 ad
957 580 1170 664 satietatem
1198 585 1263 666 us-

240 721 335 800 que:
354 695 395 775 dt
410 694 576 803 speciem
594 695 729 777 multae
745 695 998 783 vehementiae
1011 727 1126 814 atque
1143 707 1263 790 etiam

238 819 457 906 mehercule
474 848 697 933 extempore
714 822 880 923 dicendi,
899 825 1012 908 verba
1028 855 1078 908 ex
1102 831 1179 912 suis
1201 831 1261 914 lo-

238 948 292 1029 cis
309 949 579 1050 transferendo,
598 977 675 1059 prae
692 951 729 1030 se
747 948 821 1031 fert
829 988 842 1045 3
860 952 1067 1064 secumque
1080 960 1262 1064 ptaetered

236 1075 356 1160 trahit
381 1080 571 1160 auditores
603 1081 644 1160 in
676 1078 907 1188 periculum,
953 1083 1059 1191 quod
1089 1111 1139 1165 ex
1169 1084 1257 1167 lon-

235 1204 404 1312 gioribus
436 1206 670 1314 Hyperbatis
703 1203 837 1286 oritur.
909 1208 1016 1315 Saepe
1043 1211 1150 1292 enim
1176 1213 1257 1294 sus-

235 1329 350 1435 pean
377 1331 571 1429 sententii‚
606 1357 725 1438 quam
754 1329 999 1414 inchoaverat
1025 1333 1150 1415 dicere
1161 1372 1175 1431 3
1214 1339 1257 1422 dc

236 1453 393 1540 interim
411 1457 625 1568 (tanquam
651 1458 692 1538 in
718 1456 894 1536 ordinem
915 1455 1029 1548 alieni
1045 1462 1193 1564 generis
1212 1463 1255 1546 dt

234 1577 481 1692 diffimilem)
505 1584 580 1666 alia
611 1581 695 1668 aliis
720 1585 761 1663 in
791 1583 921 1665 medio
950 1585 990 1665 dt
1021 1585 1254 1672 extrinsecus

233 1711 396 1818 arcefflta
413 1711 611 1820 ingerens;
641 1709 830 1792 incutiens
858 1710 953 1791 irem
975 1713 1142 1793 auditori
1170 1743 1253 1799 me-

234 1857 332 1934 tum,
360 1865 406 1924 ac
424 1837 451 1918 fi
469 1840 594 1920 oratio
608 1837 771 1918 omnino
787 1835 985 1922 aberrillet
998 1873 1011 1931 ;
1025 1841 1254 1952 'cogensque

233 1987 313 2042 eum
336 1957 412 2072 prae
435 1961 692 2080 sollicitudine
712 1958 823 2042 stmul
852 1959 1059 2069 periclitari
1083 1991 1177 2046 cum
1193 1969 1255 2048 di.

232 2112 366 2184 cente;
395 2092 530 2174 deinde
555 2089 754 2199 inopinatd
772 2087 888 2198 longo
905 2091 991 2200 post
1008 2115 1180 2203 tempore
1197 2096 1252 2199 id,

232 2217 338 2325 quod
355 2218 437 2326 jam
460 2219 527 2301 diu
552 2217 840 2314 defiderabatur,
871 2214 1033 2299 feliciter
1058 2219 1107 2299 ad
1134 2217 1254 2309 finem

231 2343 453 2454 perducens,
480 2343 607 2425 multo
628 2343 749 2451 magis
774 2371 853 2423 eum
873 2345 1009 2425 audaci
1032 2344 1099 2426 illi
1126 2350 1167 2429 ἀ
1180 2377 1251 2458 pe-

231 2465 397 2550 riculosi
420 2469 552 2552 utendi
582 2469 817 2577 Hyperbatis
843 2469 905 2548 vid
930 2469 1113 2577 percellit.
1176 2477 1252 2564 Sed

231 2593 461 2675 omittantur
486 2593 663 2705 exempla
692 2617 851 2705 propter
881 2619 1002 2677 eorum
1031 2593 1252 2688 multitudi.

231 2744 333 2812 nem,

284 2977 354 3059 Illa
371 2979 543 3086 quidem,
571 3005 658 3088 quae
672 2975 913 3090 appellantur
930 2977 1147 3087 Polyptota,
1160 2979 1248 3085 five
1263 3027 1308 3079 D,
1321 3030 1357 3082 Μ
1374 3037 1417 3082 ,,

227 3101 552 3214 variddeſsnentia,
564 3103 892 3200 Coacervationes,
904 3103 944 3183 dt
956 3105 1245 3186 Commutatio·
1262 3105 1402 3252 mg

1182 3260 1249 3316 nes

230 3377 408 3436 exoratione
424 3375 571 3434 Ciceronis
586 3393 638 3456 pro
654 3379 716 3438 Sex.
799 3371 872 3434 lbid.
900 3367 1074 3446 κλίμακες]
1107 3374 1249 3455 Exemplo

229 3461 362 3520 Roscio:
385 3460 500 3527 ntem,
520 3479 578 3520 cum
591 3456 630 3538 βε
652 3459 718 3518 aem'-
758 3455 793 3517 lit
812 3455 883 3516 istud
905 3475 939 3516 err
962 3456 1248 3518 oratiomdeCoro-

221 3545 271 3621 sex
286 3537 416 3622 ejusmodi
435 3561 467 3602 ur
480 3540 550 3622 solur
567 3544 657 3622 dignus
674 3547 717 3604 vi·
757 3541 794 3601 ni
820 3540 883 3620 (ubi
901 3539 1111 3600 Demosthenes
1130 3540 1159 3600 se
1180 3561 1245 3623 pur·

227 3627 320 3688 dentur
334 3625 388 3706 effe,
409 3625 572 3708 quistinam
587 3627 715 3700 introeam
755 3628 838 3710 gar),
866 3623 942 3703 quod
957 3625 1163 3708 Qeindilianur
1178 3625 1196 3686 l.
1212 3649 1242 3696 9.

228 3728 287 3770 rum
302 3714 346 3772 vir
358 3711 478 3790 ejusmodi
491 3709 535 3786 est,
551 3710 660 3789 ursolus
673 3711 716 3770 vi·
756 3731 779 3773 t.
799 3732 825 3781 ³·
846 3710 885 3768 ita
895 3707 996 3768 Latin&
1011 3710 1105 3779 vertit,
1125 3721 1180 3770 Nec
1192 3709 1243 3770 hec

227 3796 321 3856 deam
341 3796 440 3873 dignus,
466 3795 511 3878 qui
530 3795 558 3853 ei
579 3815 629 3852 uon
649 3815 715 3855 acce·
754 3797 813 3855 dixi
828 3795 941 3874 quidem,
955 3791 1005 3869 sed
1016 3813 1060 3851 nec
1073 3790 1178 3872 scripfi3
1199 3813 1242 3853 nte

228 3880 284 3937 dar.
328 3883 451 3938 Neretur
467 3875 538 3938 verd
554 3876 714 3957 Edir.pr.&
748 3875 834 3956 scripss
852 3878 965 3958 quidem,
979 3875 1028 3954 sed
1048 3895 1091 3934 m
1110 3876 1158 3935 obii
1175 3877 1242 3952 loga·

227 3966 323 4022 Mstos
344 3966 404 4024 Par.
425 3967 492 4024 Vnt.
517 3983 545 4022 2.
570 3963 599 4018 δι
627 3983 653 4030 3·
683 3963 714 4018 ὰ
754 3963 863 4030 tionem
884 3959 989 4020 modii
1007 3959 1119 4039 quidem,
1133 3957 1181 4033 sed
1200 3978 1245 4020 m

227 4045 327 4112 Ambe.
351 4045 649 4118 hebdomadale),
679 4045 716 4104 de
750 4040 863 4125 prrsuass
875 4041 1007 4102 Thebans.
1028 4045 1104 4103 Item
1117 4043 1156 4112 id,
1166 4043 1244 4124 quod

228 4129 328 4208 quibus
347 4130 410 4194 tide
425 4129 560 4217 Qionil.
579 4127 647 4194 lull.
663 4131 716 4191 Or.
756 4129 859 4189 Cicero
869 4123 937 4185 dicit
949 4125 1041 4190 inor.
1049 4123 1151 4214 Philip.
1159 4145 1183 4188 c.
1195 4147 1243 4191 η,

227 4213 247 4275 1.
260 4235 287 4288 9·
304 4233 329 4274 c.
342 4235 369 4286 t·
840 4211 912 4282 Μ
1170 4208 1248 4298 2⁸³4
