3159 5267
319 461 1040 554 FRAGMENTA.
1288 505 1368 597 295

167 598 274 681 tium
297 599 466 685 nancisci
493 606 699 713 potuerim,
727 607 797 713 qui
823 605 923 689 mihi
942 608 1088 718 Plotini
1105 627 1191 722 que

165 723 322 808 deerant
351 725 551 834 colligenti
582 729 841 825 describerem
887 760 1007 842 quem
1034 762 1107 845 ego
1141 739 1191 820 ab

165 851 347 934 consueto
364 881 479 964 opere
495 856 707 939 abdunum
727 855 823 941 huic
838 859 908 942 uni
933 887 1033 943 curae
1061 863 1190 945 inten-

164 997 253 1058 tum
282 975 354 1059 effe
378 979 480 1088 juffi.
550 983 702 1064 Cunna
733 981 823 1062 vcro
851 983 946 1091 jam,
985 987 1029 1066 ni
1059 984 1187 1088 fallor,

165 1104 306 1214 scripta
332 1107 411 1215 ejus
440 1113 674 1220 comparavi,
711 1134 829 1219 atque
857 1111 975 1196 etiam
1006 1113 1072 1196 illa
1098 1142 1186 1224 quae

164 1231 266 1314 mihi
287 1260 416 1318 recens
441 1234 668 1318 submisisti:
695 1259 865 1319 attamen
892 1238 1115 1350 imperfecta
1141 1269 1186 1324 ea

163 1358 263 1458 sunt,
291 1387 378 1475 quae
405 1366 537 1445 nactus
565 1365 675 1457 sum3
702 1364 916 1446 nonenim
941 1365 1185 1450 mediocriter

161 1509 270 1572 erant
287 1512 476 1600 corrupta.
530 1490 788 1598 Qamquam
809 1489 979 1574 sodalem
1002 1518 1074 1602 ego
1096 1494 1185 1574 nos-

161 1635 268 1700 trum
283 1615 485 1702 Amelium
503 1615 714 1701 scribarum
729 1642 872 1698 errores
888 1619 1183 1703 emendaturum

161 1739 272 1824 fuiffe
288 1741 621 1828 existimaveram:
650 1741 713 1824 sed
731 1741 807 1825 alia
830 1739 888 1822 illi
905 1744 1055 1851 potiora
1074 1745 1183 1828 fuissit

159 1867 284 1970 video
313 1871 435 1980 quam
450 1894 496 1952 ut
512 1866 606 1950 huic
626 1866 701 1950 sese
717 1893 817 1950 curae
834 1869 996 1952 dederet.
1050 1875 1183 1980 Qtte

161 2022 239 2076 non
255 1997 310 2080 est
326 2021 372 2079 ut
389 1997 435 2079 iis
451 1997 511 2079 uti
528 1996 680 2106 poffim,
708 1996 858 2078 tametsi
882 1997 1112 2107 percupidus
1130 1999 1182 2080 il·

160 2120 198 2205 la
223 2149 280 2206 na
302 2125 475 2208 Anna
499 2125 541 2204 dr
563 2149 625 2204 nr
654 2123 792 2205 Eure
818 2121 1034 2206 accuratius
1057 2125 1182 2207 confi-

159 2253 338 2338 derandi:
356 2281 449 2336 nam
465 2256 506 2338 dt
522 2251 605 2346 haec
621 2247 857 2333 vitionffime
875 2250 1063 2360 descripta
1080 2251 1181 2340 sunt.

161 2383 269 2491 Ergo
296 2411 379 2467 tem
396 2380 497 2466 mihi
521 2379 634 2489 longe
651 2380 831 2463 omnium
847 2380 1096 2487 gratiffimam
1122 2381 1180 2466 fe.
1355 2413 1356 2416 Ν

160 2510 269 2609 ceris,
314 2511 344 2592 fi
374 2508 476 2594 mihi
504 2507 624 2619 quim
654 2507 958 2591 emendatiffime
992 2511 1179 2622 descripta

159 2637 436 2720 transmiserist
465 2635 593 2722 solitm
613 2658 657 2718 ut
674 2663 754 2716 mea
768 2663 850 2717 cum
867 2634 942 2714 tuis
954 2637 1179 2746 exemplaria

159 2764 370 2864 conferam,
414 2788 530 2875 atque
561 2762 629 2846 illa
662 2764 712 2844 ad
742 2786 781 2844 te
814 2760 943 2870 posted
973 2764 1179 2850 remittam.

159 2897 344 2978 Attamen
361 2919 491 3004 repeto
508 2894 561 2993 id,
590 2893 696 3002 quod
713 2887 885 2999 superius
902 2892 985 2973 dixi
1001 2919 1010 2974 t
1039 2893 1178 2979 Mittas

158 3021 294 3123 nolim,
323 3021 463 3106 vetirm
485 3023 565 3136 ipse
583 3017 714 3130 potius
733 3017 813 3100 huc
832 3017 896 3100 illa
913 3018 1071 3114 afferas;
1090 3043 1178 3108 tum

158 3147 200 3230 tr
226 3149 255 3228 fi
285 3177 371 3258 qua
402 3148 503 3232 forte
535 3145 609 3229 alia
636 3144 838 3228 Amelium
868 3144 1038 3254 fugere:
1084 3176 1177 3232 nam

157 3279 307 3373 cuncta,
336 3303 422 3385 quae
439 3275 502 3363 ille
518 3272 661 3373 attulit,
680 3273 835 3354 summo
852 3271 977 3352 studio
997 3269 1023 3350 d
1040 3301 1095 3353 me
1110 3303 1178 3355 ex·

156 3400 289 3514 quistta
304 3402 484 3513 poffideo.
537 3400 691 3512 Qidni
713 3397 820 3478 enim
838 3395 911 3477 viri
933 3395 1037 3476 illius
1053 3400 1178 3480 Com·

156 3531 411 3614 mentationes
433 3531 543 3617 omni
560 3527 802 3613 veneratione
820 3527 859 3606 dc
880 3523 1027 3607 honore
1045 3527 1180 3635 dignas

157 3657 370 3746 avidiffimd
383 3657 484 3741 mihi
501 3659 755 3767 conquiram?
774 3654 866 3736 Hoc
880 3677 1013 3737 autem
1026 3655 1065 3734 dc
1079 3683 1179 3768 ptae-

157 3789 254 3884 senti
279 3788 364 3889 tibi,
393 3793 434 3872 dr
451 3817 545 3876 cum
567 3785 680 3897 longe
705 3784 853 3884 abesses,
882 3784 942 3866 vel
961 3811 1053 3872 cum
1077 3787 1179 3894 Tyri

157 3939 512 4016 commemoratore,
522 3913 668 4022 semper
680 3910 824 3994 scilicet
836 3907 1059 4018 significavi,
1071 3909 1178 4020 qudd

197 4189 213 4236 ο
232 4173 278 4238 De
291 4188 348 4259 quo
360 4170 439 4236 libris
453 4171 576 4261 quinque
589 4165 731 4312 ρτίοιίὺιῧ
744 4167 874 4326 {medis
881 4163 960 4256 sexta,
976 4033 1181 4307 agimnn'diz
