3159 5267
222 471 338 559 xxxii
515 458 592 547 Dn
625 450 796 539 VITA
831 468 899 533 nn
921 432 1263 530 'SCRIPTIS

246 702 250 711 ,
380 616 409 657 “
434 601 581 693 auxilie
598 624 677 685 non
693 594 845 693 desunt,
870 610 960 703 quae
978 586 1063 698 jain
1079 586 1275 697 speramus
1287 618 1301 681 t
1329 606 1403 695 pro

381 742 409 785 ‘⁸
438 730 548 815 nobis
562 727 652 810 sunt
668 719 860 819 Saraceni,
887 740 960 827 pro
975 712 1088 795 nobis
1103 708 1306 794 Atmeniit
1322 714 1404 795 Lu·

383 866 411 911 ‘⁸
437 882 565 941 tronee
589 849 674 963 Syri
700 842 916 931 exercitum
939 852 1068 941 tuum,
1094 836 1316 939 Aureliane,
1341 838 1413 918 vi-

384 992 414 1035 “
439 998 588 1081 cerunt,
602 974 699 1090 quid
714 971 834 1083 igitur
850 968 880 1051 si
896 958 962 1050 illu
981 964 1133 1047 venerit
1148 981 1299 1064 minut,
1316 984 1407 1073 qun

385 1118 415 1163 ‘⁸
439 1106 614 1216 undique
646 1099 847 1212 sperante?
884 1116 1005 1205 ponet
1034 1086 1208 1201 profectu
1233 1087 1409 1199 superci-

231 1344 234 1352 γ
384 1248 415 1289 “
442 1238 556 1337 lium,
582 1258 664 1344 quo
679 1254 785 1312 nunc
801 1220 902 1308 mihi
918 1220 1167 1321 deditionem,
1195 1219 1304 1332 quast
1319 1244 1410 1302 om·

384 1377 415 1476 “
441 1363 623 1449 nifarinm
638 1358 775 1457 vietor,
804 1350 1007 1463 imperite!¹
1415 1396 1428 1404 —-

439 1492 520 1577 His
535 1485 655 1571 literis
671 1480 860 1596 petlestis,
886 1474 1118 1561 Aurelianus
1130 1475 1248 1558 iratus
1264 1472 1410 1586 copias,

389 1644 487 1735 quus
502 1612 675 1701 Zenobia
702 1608 771 1693 fibi
796 1604 983 1689 affuturas
1003 1603 1233 1715 speraveratj
1255 1626 1324 1685 aut
1343 1627 1412 1684 ve-

392 1749 538 1833 nientes
563 1735 796 1852 profligavit,
833 1756 903 1816 aut
937 1728 1116 1842 pecunia,
1157 1728 1207 1811 ne
1233 1726 1428 1828 adeffenn'

389 1869 585 1978 corrupit:
612 1860 869 1972 Palmyrique
896 1858 937 1941 vi
962 1856 1180 1967 expugmti
1196 1854 1415 1940 Zenobiam

308 2018 312 2025 '
391 1998 625 2109 multosque,
650 1991 849 2103 inquibus
866 1986 1105 2096 Longinum,
1132 2010 1303 2097 quorum
1317 2012 1415 2068 con·

392 2126 484 2211 filiis
501 2122 569 2205 usa
590 2116 691 2217 esset,
728 2076 902 2225 captivos
923 2109 1038 2193 fecit:
1065 2110 1249 2194 Zenobiae
1273 2110 1414 2219 reginae

393 2249 548 2337 veniam
570 2240 698 2338 dedit;
724 2262 765 2323 at
788 2237 982 2347 Longino,
1008 2237 1157 2347 quippe
1183 2262 1302 2349 quem
1325 2234 1416 2319 istut

329 2466 334 2473 ,
394 2376 522 2461 literas
547 2365 732 2455 dictiuffe
756 2365 933 2465 credidit,
959 2361 1055 2446 aden
1075 2360 1235 2445 infestus
1251 2359 1341 2462 fuit,
1366 2384 1419 2448 ut

394 2528 490 2588 eum
509 2496 640 2581 statim
666 2490 832 2577 interfici
847 2491 1008 2607 juberet.
1059 2488 1274 2599 Longinus,
1302 2486 1419 2572 intel·

396 2628 495 2711 ieito
510 2619 710 2707 Aureliani
732 2618 910 2727 imperio,
935 2637 982 2699 ut
1004 2638 1173 2699 mortem
1203 2638 1418 2727 oppeteret,

397 2756 550 2861 suaeque
565 2744 747 2831 Zenobiae
765 2742 945 2851 dignitati
964 2767 1044 2825 non
1063 2741 1272 2852 supeteffet,
1294 2742 1419 2825 libem

398 2872 624 2990 separavit:
650 2896 723 2951 nec
743 2866 894 2967 fletum,
922 2894 993 2952 nec
1018 2869 1205 2951 timorem
1225 2867 1339 2951 vultu
1348 2868 1420 2954 os.

400 3000 546 3094 tendit;
572 2994 637 3082 sed·
655 3018 754 3105 quae‚
776 2992 823 3073 it
838 3014 983 3104 quantu
999 2990 1023 3073 i
1038 2989 1289 3105 Philosophia
1314 2995 1420 3081 didi.

400 3150 515 3225 cerat,
542 3148 587 3203 ea
607 3117 786 3201 omnibus
812 3140 904 3200 nota
929 3116 1053 3200 fucere
1075 3120 1245 3203 moriens
1267 3120 1311 3203 in
1331 3122 1426 3205 ani·'

394 3276 472 3339 mo
498 3242 657 3331 hebuit:
684 3242 831 3325 amicos
853 3242 973 3355 igitur
994 3243 1128 3327 casum
1149 3242 1253 3328 illius
1269 3244 1424 3332 lumen.

401 3400 524 3465 tentes
552 3368 766 3454 consolatus
791 3368 858 3468 est,
886 3368 1077 3481 petiitque
1101 3371 1273 3454 extremi
1298 3360 1423 3485 peope

403 3526 499 3589 voce
515 3524 601 3600 eos,·
619 3496 689 3608 qui
715 3494 890 3596 adeffent,
916 3496 968 3578 ud
993 3493 1101 3579 hunc
1124 3500 1288 3581 modum
1308 3526 1423 3584 com.-

404 3626 569 3742 pellnns3
599 3632 625 3671 ‘⁸
643 3624 682 3705 Si
698 3645 797 3705 terra
812 3648 892 3705 non
908 3622 1016 3705 aliud
1025 3622 1148 3735 quim
1157 3652 1321 3736 magnus
1329 3629 1422 3738 qui.

404 3764 433 3803 “
459 3754 551 3837 dnm
576 3774 705 3834 carcer
726 3746 938 3833 existimari
960 3750 1108 3853 debent,
1134 3761 1234 3835 eum
1251 3750 1424 3837 feliciffiss

405 3891 433 3935 ‘⁸
459 3910 573 3967 mum
589 3878 672 3982 effe,
699 3878 770 3992 qui
787 3864 937 3993 peintus
954 3879 995 3963 in
1012 3876 1230 3966 libertatem
1249 3880 1424 3965 vindice·¹

407 4012 434 4055 ‘⁸
461 4008 561 4090 turl'
1171 4014 1180 4060 ·.
1398 4006 1420 4025 ··

1363 4238 1430 4328 ti«
