3159 5267
305 461 402 552 DE
453 458 989 552 SUBLIMITATE
1038 465 1112 556 &o

194 631 326 693 terum
352 605 652 716 dispofitionem,
688 603 923 713 (innumera
948 607 1058 694 enim
1082 635 1222 721 genera

194 735 350 846 poffunt
361 733 432 816 effe
443 731 808 839 Incrementorum),
819 755 973 842 oportet
989 756 1121 818 tamen
1132 765 1221 824 ora..

195 886 323 941 torem
338 857 577 970 cognoscere,
606 854 713 966 qudd
734 856 837 940 nihil
853 885 903 938 ex
922 856 983 940 hia
1000 861 1121 968 perse
1141 863 1221 955 fine

194 983 441 1064 Sublimitate
464 981 669 1063 constituat
685 979 831 1092 aliquid
844 979 1072 1092 perfeetum,
1086 986 1159 1068 uifi
1175 986 1220 1076 iu

191 1107 501 1189 miserationibus
519 1105 698 1188 movendis
711 1104 944 1206 mehercule,
962 1133 1031 1198 aut
1048 1109 1090 1202 in
1105 1113 1219 1196 tebue

192 1234 455 1314 extenuandis.
492 1235 729 1316 Ceterarum
741 1232 832 1314 veri>
849 1259 979 1316 rerum
994 1234 1218 1320 incremen-

192 1381 282 1440 tum
309 1355 537 1442 facientium
566 1359 785 1469 cuicunque
811 1358 866 1457 id,
905 1361 1014 1469 quod
1041 1360 1218 1449 Sublime

192 1485 260 1582 est,
290 1484 507 1584 detraxeris,
535 1483 709 1568 detrahes
732 1509 920 1595 tanquam
938 1484 1113 1576 animam
1128 1513 1217 1569 cor·

193 1613 303 1721 pori;
331 1611 462 1694 statim
490 1613 597 1694 enim
625 1611 662 1694 se
690 1613 857 1694 remittit
882 1613 923 1694 dt
948 1613 1136 1696 evanescit
1159 1613 1214 1716 id,

193 1738 300 1848 quod
315 1737 452 1820 efficax
470 1739 512 1820 in
535 1738 582 1819 iia
605 1738 673 1838 est,
703 1765 798 1824 cum
824 1765 905 1830 nou
937 1737 983 1820 sit
1008 1737 1213 1829 suffititum

191 1865 511 1954 sublimitatibus.
568 1868 782 1973 Qomodo
799 1864 886 1949 sane
909 1865 1089 1951 differant
1100 1867 1150 1949 ab
1163 1866 1212 1950 il·

191 1987 245 2088 lo,
273 1989 380 2100 quod
408 2017 532 2100 nuper
557 1991 746 2089 diximus,
775 1987 858 2072 hec
886 1989 933 2072 de
950 1988 1091 2099 quibus
1106 2018 1214 2081 nuuc

191 2140 427 2226 preceptum
436 2117 584 2216 damus,
597 2115 829 2224 (illudenim
839 2113 1216 2224 eratcomprcheufio

189 2241 367 2350 quodam
390 2242 630 2322 summarum
648 2237 1023 2327 circumstantiarum
1042 2243 1083 2324 dc
1099 2243 1143 2332 iu
1163 2270 1210 2327 u.

188 2395 289 2450 num
301 2364 540 2472 collocatio);
560 2367 809 2476 &quomodo
823 2365 864 2445 in
876 2364 1207 2454 universumSub·

187 2491 302 2576 limia
315 2491 524 2602 discrepent
540 2491 589 2572 ab
602 2489 866 2587 incrementis,
885 2488 1061 2588 brevitet,
1088 2519 1209 2576 utres

187 2613 331 2705 claritis
338 2616 482 2727 percipi
494 2615 621 2726 poffit,
631 2614 854 2701 definitione
862 2617 1209 2722 exponendumest

243 2833 432 2922 Definitio
459 2834 577 2944 igitur
601 2835 839 2946 Scriptorum
869 2835 976 2920 Artis
999 2833 1098 2919 mihi
1126 2864 1206 2923 non

1307 499 1366 590 tr

1219 2851 1354 2932 »aaa

1217 3021 1309 3086 m·
1322 3019 1379 3104 aa

179 3092 322 3202 jodam
344 3091 546 3176 materiam
565 3091 832 3198 magnitudine
848 3093 1019 3176 vestiens.
1045 3093 1144 3177 Hac
1160 3123 1202 3181 e·
1215 3119 1330 3164 m

184 3221 271 3302 nim
289 3221 412 3330 potest
425 3217 532 3330 aequd
550 3218 621 3300 effe
635 3220 854 3302 communis
867 3219 1043 3304 definitio
1055 3223 1096 3302 dc
1106 3223 1203 3304 Sub-

183 3345 361 3428 limitatis
385 3347 424 3426 dt
440 3343 618 3428 Affectus
639 3347 678 3426 dt
693 3347 933 3454 Troporum,
963 3345 1147 3453 quoniam
1164 3347 1203 3426 dc

183 3469 246 3552 ha
260 3497 317 3550 res
334 3471 546 3550 orationem
563 3467 730 3549 vestiunt
746 3466 849 3550 certi
865 3466 1035 3576 quidam
1051 3469 1204 3577 ungui·

182 3595 344 3677 tudine:
372 3595 470 3677 Haec
484 3619 614 3677 autem
629 3592 729 3676 mihi
747 3594 924 3675 videntur
949 3593 1048 3673 inter
1071 3594 1109 3675 se
1125 3595 1203 3676 dis-

180 3747 338 3830 crepare
357 3723 399 3804 in
416 3749 476 3818 eo,
492 3723 598 3830 quod
615 3717 838 3808 Sublimitas
858 3717 1017 3828 quidem
1025 3719 1202 3812 consistat

181 3847 223 3928 in
236 3847 597 3944 elationeorationis,
626 3848 916 3928 lucrementum
935 3869 1068 3924 autem
1083 3845 1201 3934 etiam

180 3975 223 4064 iu
240 3973 519 4060 multitudine:
553 4001 672 4084 quare
698 3970 765 4054 illa
789 3971 948 4083 quidem
973 3971 1068 4079 saepe
1093 3992 1201 4062 extat

176 4099 299 4187 etiam
326 4101 368 4190 in
394 4128 475 4189 uno
502 4099 622 4204 sensu,
669 4097 745 4184 hoc
773 4121 905 4194 autem
929 4094 1079 4210 semper
1104 4125 1198 4190 cum

578 4219 581 4230 '
1076 4219 1197 4304 abuu-

1217 3187 1376 3268 arara

1215 3287 1292 3338 imi,
1311 3291 1357 3329 w·

1217 3373 1277 3412 rm
1291 3369 1342 3416 m

1217 3434 1271 3514 effe.
