3159 5267
279 442 377 529 DE
429 424 956 529 SlJBLIMITATE
1006 450 1080 531 &e
1283 469 1335 557 35

161 588 238 687 tiae,
267 586 460 681 Honores,
488 582 720 691 Dignitates,
739 586 921 696 Imperia,
945 590 987 669 oc
1002 615 1190 698 quaecun-

163 737 318 823 cunque
336 708 413 791 alia
437 706 611 793 multum
640 712 775 819 tragici
801 710 917 799 fastus
939 712 1048 795 extra
1070 730 1189 822 appa-

163 842 280 925 rentis
305 834 461 935 babent,
489 862 569 918 non
598 836 750 948 possunt
774 840 899 923 videri
928 840 1088 950 sapienti
1116 840 1189 922 effe

163 962 265 1051 bona
288 962 514 1077 prestantia,
542 988 713 1074 quorum
738 989 984 1075 contemptus
1009 967 1089 1074 ipse
1106 991 1187 1045 non

160 1096 363 1177 mediocre
378 1092 523 1173 bonum
539 1090 594 1171 est
603 1128 616 1185 ;
635 1092 782 1203 quippe
804 1090 876 1191 illi,
895 1092 965 1202 qui
982 1094 1028 1173 iis
1045 1090 1186 1173 fruun-

159 1248 244 1322 tur,
273 1224 400 1303 minus
415 1218 664 1300 admirationi
680 1220 769 1301 sunt
781 1219 901 1330 quim
919 1219 992 1318 illi,
1013 1222 1083 1330 qui
1097 1220 1186 1329 pos-
1300 1319 1305 1333 Ι

159 1350 252 1431 sunt
268 1346 419 1447 habere,
446 1346 488 1427 bt
511 1360 631 1428 tamen
653 1356 910 1431 contemnunt
925 1372 1084 1458 propter
1100 1350 1187 1429 ani-

162 1476 223 1559 mi
250 1470 560 1581 magnitudinem
576 1500 588 1552 :
617 1472 770 1555 Eodem
788 1475 909 1556 modo
924 1474 1043 1555 etiam
1058 1474 1106 1555 de
1122 1475 1184 1573 iis,

163 1626 252 1714 quae
273 1600 461 1683 Sublimia
478 1600 566 1683 sunt
583 1601 624 1682 in
642 1600 887 1709 po'e‘matibus
903 1602 1081 1710 &solutis
1097 1631 1184 1687 ora-

162 1728 345 1829 tionibus,
385 1729 598 1811 videndum
623 1728 691 1826 est,
732 1756 781 1808 ne
807 1727 995 1809 nonnulla
1021 1727 1187 1811 habeant

163 1852 265 1935 banc
289 1852 569 1962 magnitudinis
595 1852 774 1963 speciem,
804 1851 895 1960 (cui
920 1853 1095 1935 multum
1119 1854 1189 1935 ad-

161 1976 282 2063 baeret
309 2004 453 2063 temere
475 1978 691 2087 affictum);
716 1979 912 2090 explicata
939 1978 1030 2061 verb
1050 1981 1190 2062 deinde

161 2108 411 2189 inveniantur
438 2104 589 2191 tumida
599 2106 727 2219 surffl,
756 2134 844 2219 quae
863 2107 1055 2217 despicere
1072 2133 1188 2216 gene·

159 2234 281 2317 rofius
314 2236 370 2315 est
402 2234 523 2344 qudm
546 2231 742 2315 admirari.
808 2234 1049 2315 Naturaliter
1079 2236 1195 2317 enim·

157 2360 319 2440 animus
341 2358 467 2439 noster
496 2358 586 2439 veri
614 2356 859 2439 Sublimitate
880 2357 1063 2456 elevatur,
1091 2360 1188 2440 reci·

22 2475 25 2479 ⁵
156 2482 352 2597 piensque
369 2484 569 2593 superbam
586 2482 783 2593 quandam
800 2482 1032 2565 erectionem
1049 2483 1191 2594 imple-

156 2636 227 2693 tur
253 2610 395 2721 gaudio
423 2614 462 2693 δι
489 2608 728 2717 gloriatione,
769 2632 955 2717 tanquam
987 2606 1065 2716 ipse
1095 2636 1189 2718 pro·

159 2735 328 2819 duxisset
345 2736 385 2817 id
402 2738 507 2846 quod
521 2730 644 2843 saltim
660 2733 818 2815 audivit.
873 2736 1045 2840 Qando
1071 2736 1190 2844 igitur

160 2860 325 2974 aliquid,
354 2858 490 2971 saepids
507 2860 688 2943 auditum
711 2861 760 2942 ab
785 2858 945 2941 homine
968 2860 1191 2973 intelligen-

161 3012 203 3072 te
227 2992 277 3097 &J
290 2990 331 3072 in
352 2989 498 3099 scriptis
522 2988 681 3089 versato,
709 2990 889 3071 animum
910 2989 989 3097 ejus
1013 3018 1093 3072 non
1110 2992 1190 3074 cel-

161 3116 301 3198 siorem
329 3113 457 3214 faciat,
497 3140 624 3222 neque
651 3110 845 3222 relinquat
869 3113 911 3193 in
937 3114 1073 3195 animo
1104 3116 1191 3222 plus

161 3242 396 3351 cogitatione
413 3262 648 3349 conceptum
669 3236 789 3347 quarn
806 3236 933 3316 verbis
952 3238 1192 3343 expressum

161 3372 279 3455 cadat
305 3393 447 3468 autem,
483 3368 581 3449 situ
606 3362 704 3447 illud
735 3362 878 3446 affidue
906 3363 1189 3475 contempleris,

162 3500 208 3599 in
228 3497 270 3580 id
286 3498 390 3607 quod
408 3494 562 3577 exile&
578 3492 780 3575 minutum
794 3490 872 3589 esl3
900 3515 978 3573 non
996 3492 1120 3601 potest
1137 3494 1188 3575 il-

35 3625 39 3634 '
161 3620 236 3708 lud
258 3622 328 3705 effe
353 3618 575 3705 Sublimitas
599 3643 702 3717 vera,
738 3640 825 3726 quae
848 3642 928 3695 non
953 3615 1053 3700 ultra
1076 3622 1188 3701 audi·

161 3764 255 3836 tum
271 3754 462 3864 perdurat
518 3748 609 3829 Hoc
637 3743 746 3825 enim
772 3740 901 3826 revera
917 3768 1106 3853 magnum
1121 3742 1196 3934 costa

206 3986 243 4059 L'
261 4014 307 4065 ¹9·
326 3984 425 4069 l'liar‘lp
439 3984 482 4053 θ’.
495 3976 533 4052 alr
545 3980 575 4045 ti
588 3981 659 4062 dte]
700 3980 737 4042 ad
753 3980 827 4044 Sed.
846 3980 907 4057 ιο.)
930 3974 984 4037 nili
1000 3880 1193 4063 malir‘lezere

159 4080 277 4143 vexat
293 4075 433 4163 signifieat
446 4080 494 4143 hle
513 4072 588 4141 asti,
608 4072 658 4155 (de
698 4064 737 4141 aiv
755 4073 833 4146 arat,
858 4068 918 4127 MS·
936 4063 1015 4125 tuln
1029 4066 1092 4128 Par.
1107 4065 1194 4126 habet

161 4164 222 4255 φὶ
234 4183 265 4227 re
279 4164 416 4250 videque
430 4164 488 4232 dixi
501 4154 657 4231 iolmeul.
697 4158 823 4302 baffi.
1107 4236 1145 4300 k
1160 4254 1194 4302 λ
1219 4212 1227 4226 ,
