3159 5267
249 469 343 553 DE
394 465 932 555 SUBLIMITATE
980 475 1056 558 &ci

128 615 204 694 Ex
233 611 369 704 eidem
392 610 520 706 causi,
554 607 705 717 opinor,
734 631 864 692 totum
892 614 1167 724 corpusculum

129 740 285 843 Iliadis,
314 763 404 848 quae·
426 735 565 844 scripta
593 733 670 818 fuit
695 737 737 818 in
754 737 886 848 vigore
904 739 980 848 q'us
996 739 1165 850 spiritus,

131 869 293 984 afflope
313 869 355 947 δι
382 863 652 946 certaminibus
675 863 835 974 plenum
853 861 964 947 fecit:
994 865 1169 977 Odylieae

134 1019 274 1076 autem
298 993 540 1104 corpusculum
563 993 737 1088 maximi
762 1017 937 1103 exparte
952 995 1168 1077 narratione

134 1119 321 1228 plenum,
350 1121 454 1230 quod
478 1120 681 1229 proprium
710 1119 765 1200 est
787 1118 996 1204 senectutis
1051 1123 1167 1204 Unde

135 1247 186 1328 in
213 1247 375 1358 Odyffes
399 1275 621 1358 comparare
650 1248 773 1366 potest
788 1247 929 1358 aliquis
945 1250 1169 1332 Homerum

137 1371 216 1453 soli
252 1374 453 1476 occidenti,
509 1375 614 1484 cujus
647 1375 723 1455 fine
753 1372 997 1456 vehementis
1023 1375 1168 1459 ardoris

139 1527 342 1610 permanet
358 1503 587 1612 magnitudo
607 1531 617 1581 t
653 1502 900 1611 nequeenim
916 1500 1083 1610 amplius
1099 1499 1169 1584 hic

141 1629 340 1712 conservat
368 1631 619 1714 intentionem
636 1627 752 1710 animi
775 1655 908 1740 parem
925 1628 1168 1738 po'e'matibus

144 1752 222 1834 illis
245 1754 384 1856 Iliacis,
415 1783 542 1866 neque
560 1753 821 1838 sublimitates
843 1753 988 1863 ubique
1004 1754 1076 1861 (ut
1091 1752 1147 1835 ibi
1152 1753 1169 1862 )

147 1882 309 1992 aequales
335 1885 375 1966 dc
402 1884 591 1992 nusquam
614 1884 714 1994 quast
735 1881 959 1962 subsidendo
974 1883 1012 1962 se
1032 1883 1167 1964 remit-

148 2033 279 2110 tentes,
306 2039 432 2121 neque
458 2010 562 2102 idern
590 2007 688 2096 illud
719 2007 786 2088 libi
818 2008 966 2116 semper
989 2007 1168 2116 superve-

150 2133 345 2215 nientium
367 2133 575 2216 affectuum
601 2131 758 2228 flumen,
787 2157 913 2238 neque
929 2130 1101 2212 versatile
1117 2130 1167 2211 il-

150 2259 220 2344 lud
241 2260 384 2345 dicendi
402 2290 515 2370 genus
532 2263 572 2344 δι
589 2259 922 2358 concertantium,
950 2261 1170 2344 Vifionibus

150 2387 346 2471 alteritate
364 2387 480 2471 dussis
495 2386 689 2471 cumulat&
708 2385 926 2494 repletum:
955 2387 1030 2487 sed,
1063 2390 1171 2470 velut

152 2515 288 2596 oceani
313 2503 515 2598 recedentis
540 2517 579 2594 in
607 2517 643 2595 se
667 2517 706 2596 &
729 2512 751 2594 ὲ
775 2510 850 2593 suis
870 2511 1011 2594 finibus
1037 2513 1171 2613 relicti,

152 2641 213 2724 ita
232 2643 384 2726 Homeri
409 2645 451 2724 in
476 2641 627 2754 Odyffld
649 2641 828 2748 deinceps
843 2666 1028 2750 apparent
1044 2640 1173 2722 Subli·

154 2771 298 2858 mitaris
315 2771 469 2856 recessus
485 2772 605 2854 etiarn
623 2769 663 2850 in
688 2766 762 2848 illis
787 2764 966 2849 fabulosts
990 2771 1030 2849 dr
1047 2767 1172 2848 incre·

992 2895 1173 2980 dibilibus

153 3107 299 3173 terpretes,
334 3093 380 3152 hic
405 3093 457 3162 eil,
485 3094 516 3152 ni
532 3091 641 3154 fallott
686 3111 746 3153 non
768 3091 851 3161 aliirs,
872 3085 959 3170 quim
975 3087 1108 3150 Sublimis
1124 3091 1175 3152 ali·

152 3177 405 3260 Qemadntodum
424 3196 490 3236 turn
510 3180 643 3238 Oceanus
686 3182 763 3250 cujus
776 3175 894 3257 ingenii,
911 3172 1046 3234 indicant.

154 3259 226 3320 inse
242 3261 348 3330 refluit,
368 3259 498 3340 tellusque
513 3258 643 3334 ejursub·
726 3265 760 3322 L.
779 3281 789 3318 t
798 3281 825 3327 ς.
840 3258 911 3319 sled
919 3257 962 3317 ari
974 3249 1047 3320 idco
1058 3252 1172 3334 μίτρα]

155 3343 231 3412 stdit,
250 3363 284 3403 ea
308 3344 397 3403 litoris
417 3363 492 3425 pars,
520 3363 580 3426 qua
604 3343 642 3402 ab
687 3347 731 3402 Ita
746 3343 840 3401 Editio
855 3341 979 3402 Robore.
995 3344 1177 3403 &Mstiduo

152 3424 229 3506 aqui
245 3427 447 3506 relinquitur&
460 3427 536 3507 quast
552 3431 644 3488 Ocea·
688 3429 755 3488 Vat.
776 3426 819 3486 El.
842 3427 942 3486 Ambe.
961 3428 1037 3486 Ven.
1059 3445 1176 3486 necnon

154 3513 187 3569 ni
204 3507 392 3580 descensos,
412 3510 534 3571 ostendit
546 3527 644 3570 tamen
688 3513 749 3572 Par.
764 3507 839 3568 dicat
853 3510 920 3568 lieet
932 3507 1006 3568 falso
1015 3508 1128 3570 Tollius
1144 3513 1175 3571 in

152 3609 279 3674 quantur
301 3591 346 3664 fit,
367 3595 507 3676 qusmque
523 3595 645 3654 immea-
687 3592 743 3652 hot
766 3591 921 3674 posteriore
943 3593 999 3674 legi
1018 3592 1075 3654 alti
1092 3593 1123 3658 τ’
1139 3597 1178 3660 a'·

154 3675 194 3735 fis
216 3697 296 3758 pane
312 3677 448 3740 limitibus
467 3682 644 3739 contineturt
687 3677 762 3740 iuvi
783 3677 948 3752 sinuaret
975 3683 1079 3762 quippe
1101 3700 1178 3746 erra·

154 3760 261 3822 eodem
275 3760 363 3824 morlo
374 3765 405 3822 in
414 3757 549 3844 odyffes,
558 3765 644 3821 etiam
688 3765 729 3822 vir
740 3763 787 3823 ille
802 3768 847 3842 (ot
861 3761 958 3843 passim
973 3761 1058 3844 solet)
1074 3766 1105 3823 in
1119 3767 1176 3824 hoc

154 3863 222 3903 eunt
245 3849 390 3906 Homerus
414 3849 474 3905 vim
503 3846 582 3907 suam
605 3865 647 3904 re·
689 3851 769 3906 Msto
789 3846 928 3908 citandos
955 3845 986 3905 ri
1002 3847 1110 3924 piam
1130 3847 1179 3907 hic

155 3929 244 3987 mittit
266 3933 295 3987 dt
320 3928 356 3988 ad
368 3927 514 3990 fabulosos
530 3929 647 3989 incredi·
690 3927 829 4012 fignificat
845 3931 920 4008 finis,
939 3931 1021 4005 limes,
1042 3933 1179 4001 mnrium,

156 4010 282 4092 bilesque
296 4011 398 4093 Ulyffir
410 4031 520 4073 errores
534 4013 647 4084 labitur,
690 4013 845 4085 cujusmodi
878 4011 919 4072 est
949 4019 1071 4078 Oceano
1103 4018 1177 4079 litus.

155 4113 294 4174 apparent
321 4111 420 4155 tamen
447 4098 649 4179 magnitudinis
689 4097 845 4180 Vulgarum
862 4093 991 4178 ‘ripuar'
1010 4102 1028 4164 i
1049 4102 1180 4163 Manutio

155 4177 649 4272 quaedmventgta,quaetecefftn
685 4181 849 4265 profectum
865 4181 914 4267 est.
1097 4270 1134 4328 L

1149 4283 1176 4328 t.

1260 505 1315 593 57
