<?xml version="1.0" encoding="UTF-8"?>
<!DOCTYPE html PUBLIC "-//W3C//DTD XHTML 1.0 Transitional//EN"
    "http://www.w3.org/TR/xhtml1/DTD/xhtml1-transitional.dtd">
<html xmlns="http://www.w3.org/1999/xhtml" xml:lang="en" lang="en">
 <head>
  <title>
</title>
<meta http-equiv="Content-Type" content="text/html;charset=utf-8" />
  <meta name='ocr-system' content='tesseract 3.04.00' />
  <meta name='ocr-capabilities' content='ocr_page ocr_carea ocr_par ocr_line ocrx_word'/>
</head>
<body>
  <div class='ocr_page' id='page_1' title='image "./desublimitateco01longgoog_0295.png"; bbox 0 0 3159 5267; ppageno 0'>
   <div class='ocr_carea' id='block_1_1' title="bbox 269 543 1068 638">
    <p class='ocr_par' dir='ltr' id='par_1_1' title="bbox 269 543 1068 638">
     <span class='ocr_line' id='line_1_1' title="bbox 269 543 1068 638; baseline 0.005 -4"><span class='ocrx_word' id='word_1_1' title='bbox 269 547 366 634; x_wconf 87' lang='lat' dir='ltr'>DE</span> <span class='ocrx_word' id='word_1_2' title='bbox 418 543 945 636; x_wconf 80' lang='lat' dir='ltr'><strong>SUB&#39;LIMITATE</strong></span> <span class='ocrx_word' id='word_1_3' title='bbox 993 555 1068 638; x_wconf 78' lang='lat' dir='ltr'>dcc.</span> 
     </span>
    </p>
   </div>
   <div class='ocr_carea' id='block_1_2' title="bbox 160 689 1266 802">
    <p class='ocr_par' dir='ltr' id='par_1_2' title="bbox 160 689 1266 802">
     <span class='ocr_line' id='line_1_2' title="bbox 160 689 1266 802; baseline 0.005 -31"><span class='ocrx_word' id='word_1_4' title='bbox 160 689 265 774; x_wconf 80' lang='lat' dir='ltr'>nobis·</span> <span class='ocrx_word' id='word_1_5' title='bbox 283 718 551 802; x_wconf 80' lang='lat' dir='ltr'>comparamus</span> <span class='ocrx_word' id='word_1_6' title='bbox 576 691 664 774; x_wconf 79' lang='lat' dir='ltr'>vitae</span> <span class='ocrx_word' id='word_1_7' title='bbox 684 691 857 802; x_wconf 71' lang='lat' dir='ltr'>perit-ulo,</span> <span class='ocrx_word' id='word_1_8' title='bbox 885 693 927 774; x_wconf 91' lang='lat' dir='ltr'>in</span> <span class='ocrx_word' id='word_1_9' title='bbox 957 693 1177 776; x_wconf 87' lang='lat' dir='ltr'>servitutem</span> <span class='ocrx_word' id='word_1_10' title='bbox 1263 755 1266 768; x_wconf 89' lang='lat'>.</span> 
     </span>
    </p>
   </div>
   <div class='ocr_carea' id='block_1_3' title="bbox 160 817 1179 1058">
    <p class='ocr_par' dir='ltr' id='par_1_3' title="bbox 160 817 1179 1058">
     <span class='ocr_line' id='line_1_3' title="bbox 160 817 1179 929; baseline 0.007 -33"><span class='ocrx_word' id='word_1_11' title='bbox 160 819 299 902; x_wconf 72' lang='lat' dir='ltr'>redacti</span> <span class='ocrx_word' id='word_1_12' title='bbox 348 819 607 929; x_wconf 83' lang='lat' dir='ltr'>unusquisque</span> <span class='ocrx_word' id='word_1_13' title='bbox 643 817 667 900; x_wconf 81' lang='lat' dir='ltr'>d</span> <span class='ocrx_word' id='word_1_14' title='bbox 703 817 905 929; x_wconf 78' lang='lat' dir='ltr'>cupiditate</span> <span class='ocrx_word' id='word_1_15' title='bbox 941 847 1179 920; x_wconf 66' lang='lat' dir='ltr'>attaminarent,¹</span> 
     </span>
     <span class='ocr_line' id='line_1_4' title="bbox 160 943 1174 1058; baseline 0.007 -33"><span class='ocrx_word' id='word_1_16' title='bbox 160 973 259 1026; x_wconf 87' lang='lat' dir='ltr'>num</span> <span class='ocrx_word' id='word_1_17' title='bbox 280 947 321 1028; x_wconf 90' lang='lat' dir='ltr'>in</span> <span class='ocrx_word' id='word_1_18' title='bbox 350 970 430 1027; x_wconf 83' lang='lat' dir='ltr'>tam</span> <span class='ocrx_word' id='word_1_19' title='bbox 448 946 639 1055; x_wconf 89' lang='lat' dir='ltr'>pestilenti</span> <span class='ocrx_word' id='word_1_20' title='bbox 656 943 781 1028; x_wconf 79' lang='lat' dir='ltr'>saculi</span> <span class='ocrx_word' id='word_1_21' title='bbox 799 949 1044 1058; x_wconf 85' lang='lat' dir='ltr'>corruptione</span> <span class='ocrx_word' id='word_1_22' title='bbox 1060 973 1174 1058; x_wconf 86' lang='lat' dir='ltr'>puta-</span> 
     </span>
    </p>
   </div>
   <div class='ocr_carea' id='block_1_4' title="bbox 158 1071 1211 1184">
    <p class='ocr_par' dir='ltr' id='par_1_4' title="bbox 158 1071 1211 1184">
     <span class='ocr_line' id='line_1_5' title="bbox 158 1071 1211 1184; baseline 0.003 -33"><span class='ocrx_word' id='word_1_23' title='bbox 158 1097 247 1152; x_wconf 81' lang='lat' dir='ltr'>mus</span> <span class='ocrx_word' id='word_1_24' title='bbox 263 1073 457 1184; x_wconf 89' lang='lat' dir='ltr'>reliquum</span> <span class='ocrx_word' id='word_1_25' title='bbox 473 1073 782 1182; x_wconf 80' lang='lat' dir='ltr'>essequenquam</span> <span class='ocrx_word' id='word_1_26' title='bbox 800 1071 965 1160; x_wconf 87' lang='lat' dir='ltr'>liberum</span> <span class='ocrx_word' id='word_1_27' title='bbox 985 1075 1026 1156; x_wconf 70' lang='lat' dir='ltr'>&amp;e</span> <span class='ocrx_word' id='word_1_28' title='bbox 1049 1073 1176 1158; x_wconf 91' lang='lat' dir='ltr'>incor-</span> <span class='ocrx_word' id='word_1_29' title='bbox 1207 1163 1211 1172; x_wconf 28' lang='lat'><strong><em>¹</em></strong></span> 
     </span>
    </p>
   </div>
   <div class='ocr_carea' id='block_1_5' title="bbox 157 1196 1178 1564">
    <p class='ocr_par' dir='ltr' id='par_1_5' title="bbox 157 1196 1178 1564">
     <span class='ocr_line' id='line_1_6' title="bbox 157 1196 1178 1308; baseline 0.004 -32"><span class='ocrx_word' id='word_1_30' title='bbox 157 1213 321 1308; x_wconf 80' lang='lat' dir='ltr'>ruptum</span> <span class='ocrx_word' id='word_1_31' title='bbox 343 1199 513 1307; x_wconf 85' lang='lat' dir='ltr'>judicem</span> <span class='ocrx_word' id='word_1_32' title='bbox 539 1196 776 1279; x_wconf 85' lang='lat' dir='ltr'>Sublimiurn</span> <span class='ocrx_word' id='word_1_33' title='bbox 790 1196 1015 1307; x_wconf 70' lang='lat' dir='ltr'>scriptorum</span> <span class='ocrx_word' id='word_1_34' title='bbox 1041 1196 1103 1281; x_wconf 80' lang='lat' dir='ltr'>vel</span> <span class='ocrx_word' id='word_1_35' title='bbox 1127 1199 1178 1282; x_wconf 86' lang='lat' dir='ltr'>ad</span> 
     </span>
     <span class='ocr_line' id='line_1_7' title="bbox 157 1321 1176 1435; baseline 0.007 -35"><span class='ocrx_word' id='word_1_36' title='bbox 157 1321 408 1406; x_wconf 74' lang='lat' dir='ltr'>eternitatem</span> <span class='ocrx_word' id='word_1_37' title='bbox 424 1345 753 1434; x_wconf 86' lang='lat' dir='ltr'>perventurorum,</span> <span class='ocrx_word' id='word_1_38' title='bbox 780 1323 822 1401; x_wconf 72' lang='lat' dir='ltr'>dt</span> <span class='ocrx_word' id='word_1_39' title='bbox 846 1347 925 1401; x_wconf 92' lang='lat' dir='ltr'>non</span> <span class='ocrx_word' id='word_1_40' title='bbox 947 1349 1176 1435; x_wconf 87' lang='lat' dir='ltr'>corruptum</span> 
     </span>
     <span class='ocr_line' id='line_1_8' title="bbox 158 1435 1176 1564; baseline 0.006 -38"><span class='ocrx_word' id='word_1_41' title='bbox 158 1443 231 1527; x_wconf 84' lang='lat' dir='ltr'>effe</span> <span class='ocrx_word' id='word_1_42' title='bbox 247 1443 269 1526; x_wconf 74' lang='lat' dir='ltr'>d</span> <span class='ocrx_word' id='word_1_43' title='bbox 286 1447 496 1564; x_wconf 80' lang='lat' dir='ltr'>cupiditate</span> <span class='ocrx_word' id='word_1_44' title='bbox 512 1445 739 1531; x_wconf 85' lang='lat' dir='ltr'>ditescendi?</span> <span class='ocrx_word' id='word_1_45' title='bbox 769 1435 857 1527; x_wconf 81' lang='lat' dir='ltr'>Itnd</span> <span class='ocrx_word' id='word_1_46' title='bbox 876 1447 963 1528; x_wconf 91' lang='lat' dir='ltr'>vide</span> <span class='ocrx_word' id='word_1_47' title='bbox 984 1475 1112 1532; x_wconf 87' lang='lat' dir='ltr'>annon</span> <span class='ocrx_word' id='word_1_48' title='bbox 1129 1449 1176 1532; x_wconf 89' lang='lat' dir='ltr'>fit</span> 
     </span>
    </p>
   </div>
   <div class='ocr_carea' id='block_1_6' title="bbox 1270 575 1349 666">
    <p class='ocr_par' dir='ltr' id='par_1_6' title="bbox 1270 575 1349 666">
     <span class='ocr_line' id='line_1_9' title="bbox 1270 575 1349 666; baseline -0.025 0"><span class='ocrx_word' id='word_1_49' title='bbox 1270 575 1349 666; x_wconf 80' lang='lat'>253</span> 
     </span>
    </p>
   </div>
   <div class='ocr_carea' id='block_1_7' title="bbox 161 1569 1272 1682">
    <p class='ocr_par' dir='ltr' id='par_1_7' title="bbox 161 1569 1272 1682">
     <span class='ocr_line' id='line_1_10' title="bbox 161 1569 1272 1682; baseline 0.003 -32"><span class='ocrx_word' id='word_1_50' title='bbox 161 1569 303 1651; x_wconf 85' lang='lat' dir='ltr'>melius</span> <span class='ocrx_word' id='word_1_51' title='bbox 328 1571 431 1669; x_wconf 83' lang='lat' dir='ltr'>tales,</span> <span class='ocrx_word' id='word_1_52' title='bbox 460 1570 591 1680; x_wconf 86' lang='lat' dir='ltr'>quales</span> <span class='ocrx_word' id='word_1_53' title='bbox 615 1570 852 1668; x_wconf 81' lang='lat' dir='ltr'>nossemus,</span> <span class='ocrx_word' id='word_1_54' title='bbox 880 1572 961 1680; x_wconf 84' lang='lat' dir='ltr'>regi</span> <span class='ocrx_word' id='word_1_55' title='bbox 981 1574 1100 1682; x_wconf 74' lang='lat' dir='ltr'>qudm</span> <span class='ocrx_word' id='word_1_56' title='bbox 1126 1574 1175 1654; x_wconf 89' lang='lat' dir='ltr'>li·</span> <span class='ocrx_word' id='word_1_57' title='bbox 1266 1667 1272 1676; x_wconf 90' lang='lat'><em>.</em></span> 
     </span>
    </p>
   </div>
   <div class='ocr_carea' id='block_1_8' title="bbox 108 1691 1176 3192">
    <p class='ocr_par' dir='ltr' id='par_1_8' title="bbox 108 1691 1176 2918">
     <span class='ocr_line' id='line_1_11' title="bbox 159 1691 1176 1803; baseline 0.006 -29"><span class='ocrx_word' id='word_1_58' title='bbox 159 1692 269 1775; x_wconf 84' lang='lat' dir='ltr'>beros</span> <span class='ocrx_word' id='word_1_59' title='bbox 285 1693 377 1778; x_wconf 83' lang='lat' dir='ltr'>effe:</span> <span class='ocrx_word' id='word_1_60' title='bbox 404 1695 591 1803; x_wconf 88' lang='lat' dir='ltr'>quoniam</span> <span class='ocrx_word' id='word_1_61' title='bbox 606 1692 835 1803; x_wconf 85' lang='lat' dir='ltr'>cupiditates</span> <span class='ocrx_word' id='word_1_62' title='bbox 850 1691 986 1800; x_wconf 75' lang='lat' dir='ltr'>nostra,</span> <span class='ocrx_word' id='word_1_63' title='bbox 1004 1695 1109 1780; x_wconf 85' lang='lat' dir='ltr'>velut</span> <span class='ocrx_word' id='word_1_64' title='bbox 1124 1726 1176 1780; x_wconf 87' lang='lat' dir='ltr'>ex</span> 
     </span>
     <span class='ocr_line' id='line_1_12' title="bbox 160 1817 1175 1931; baseline 0.003 -27"><span class='ocrx_word' id='word_1_65' title='bbox 160 1822 276 1918; x_wconf 68' lang='lat' dir='ltr'>cavei</span> <span class='ocrx_word' id='word_1_66' title='bbox 291 1823 430 1905; x_wconf 75' lang='lat' dir='ltr'>emisse</span> <span class='ocrx_word' id='word_1_67' title='bbox 445 1820 573 1931; x_wconf 54' lang='lat' dir='ltr'>bestie,</span> <span class='ocrx_word' id='word_1_68' title='bbox 600 1821 641 1900; x_wconf 92' lang='lat' dir='ltr'>in</span> <span class='ocrx_word' id='word_1_69' title='bbox 658 1817 855 1929; x_wconf 80' lang='lat' dir='ltr'>proximos</span> <span class='ocrx_word' id='word_1_70' title='bbox 878 1819 1040 1902; x_wconf 85' lang='lat' dir='ltr'>omnind</span> <span class='ocrx_word' id='word_1_71' title='bbox 1060 1825 1175 1907; x_wconf 87' lang='lat' dir='ltr'>emis-</span> 
     </span>
     <span class='ocr_line' id='line_1_13' title="bbox 159 1941 1175 2033; baseline 0.005 -5"><span class='ocrx_word' id='word_1_72' title='bbox 159 1944 207 2028; x_wconf 81' lang='lat' dir='ltr'>sa</span> <span class='ocrx_word' id='word_1_73' title='bbox 232 1947 352 2031; x_wconf 88' lang='lat' dir='ltr'>etiam</span> <span class='ocrx_word' id='word_1_74' title='bbox 374 1945 619 2028; x_wconf 79' lang='lat' dir='ltr'>incenderent</span> <span class='ocrx_word' id='word_1_75' title='bbox 640 1941 751 2026; x_wconf 80' lang='lat' dir='ltr'>malis</span> <span class='ocrx_word' id='word_1_76' title='bbox 775 1967 904 2025; x_wconf 88' lang='lat' dir='ltr'>totum</span> <span class='ocrx_word' id='word_1_77' title='bbox 928 1946 1072 2030; x_wconf 74' lang='lat' dir='ltr'>orbenn</span> <span class='ocrx_word' id='word_1_78' title='bbox 1126 1951 1175 2033; x_wconf 95' lang='lat' dir='ltr'>In</span> 
     </span>
     <span class='ocr_line' id='line_1_14' title="bbox 160 2067 1173 2181; baseline 0.003 -27"><span class='ocrx_word' id='word_1_79' title='bbox 160 2073 311 2154; x_wconf 71' lang='lat' dir='ltr'>summit</span> <span class='ocrx_word' id='word_1_80' title='bbox 336 2070 428 2154; x_wconf 76' lang='lat' dir='ltr'>vero</span> <span class='ocrx_word' id='word_1_81' title='bbox 449 2069 530 2151; x_wconf 82' lang='lat' dir='ltr'>dixi</span> <span class='ocrx_word' id='word_1_82' title='bbox 547 2068 730 2151; x_wconf 80' lang='lat' dir='ltr'>defidiam</span> <span class='ocrx_word' id='word_1_83' title='bbox 752 2067 824 2149; x_wconf 89' lang='lat' dir='ltr'>effe</span> <span class='ocrx_word' id='word_1_84' title='bbox 850 2069 1173 2181; x_wconf 89' lang='lat' dir='ltr'>consumptricem</span> 
     </span>
     <span class='ocr_line' id='line_1_15' title="bbox 160 2193 1175 2308; baseline 0 -26"><span class='ocrx_word' id='word_1_85' title='bbox 160 2199 405 2308; x_wconf 82' lang='lat' dir='ltr'>ingeniorum</span> <span class='ocrx_word' id='word_1_86' title='bbox 421 2221 526 2277; x_wconf 89' lang='lat' dir='ltr'>nunc</span> <span class='ocrx_word' id='word_1_87' title='bbox 543 2193 727 2303; x_wconf 90' lang='lat' dir='ltr'>temporis</span> <span class='ocrx_word' id='word_1_88' title='bbox 743 2217 936 2295; x_wconf 91' lang='lat' dir='ltr'>natorum,</span> <span class='ocrx_word' id='word_1_89' title='bbox 954 2195 994 2275; x_wconf 91' lang='lat' dir='ltr'>in</span> <span class='ocrx_word' id='word_1_90' title='bbox 1012 2199 1089 2308; x_wconf 77' lang='lat' dir='ltr'>quai</span> <span class='ocrx_word' id='word_1_91' title='bbox 1106 2227 1175 2282; x_wconf 88' lang='lat' dir='ltr'>nos</span> 
     </span>
     <span class='ocr_line' id='line_1_16' title="bbox 159 2322 1174 2438; baseline 0.001 -31"><span class='ocrx_word' id='word_1_92' title='bbox 159 2353 293 2409; x_wconf 88' lang='lat' dir='ltr'>omnes</span> <span class='ocrx_word' id='word_1_93' title='bbox 308 2323 501 2436; x_wconf 85' lang='lat' dir='ltr'>(exceptis</span> <span class='ocrx_word' id='word_1_94' title='bbox 514 2322 669 2433; x_wconf 79' lang='lat' dir='ltr'>paucis)</span> <span class='ocrx_word' id='word_1_95' title='bbox 684 2323 807 2405; x_wconf 85' lang='lat' dir='ltr'>vitam</span> <span class='ocrx_word' id='word_1_96' title='bbox 825 2323 1076 2430; x_wconf 86' lang='lat' dir='ltr'>tranfigimus‚</span> <span class='ocrx_word' id='word_1_97' title='bbox 1095 2355 1174 2438; x_wconf 88' lang='lat' dir='ltr'>non</span> 
     </span>
     <span class='ocr_line' id='line_1_17' title="bbox 160 2445 1176 2560; baseline 0 -26"><span class='ocrx_word' id='word_1_98' title='bbox 160 2453 279 2536; x_wconf 86' lang='lat' dir='ltr'>aliam</span> <span class='ocrx_word' id='word_1_99' title='bbox 302 2452 461 2532; x_wconf 89' lang='lat' dir='ltr'>obrem</span> <span class='ocrx_word' id='word_1_100' title='bbox 491 2446 703 2529; x_wconf 85' lang='lat' dir='ltr'>laborantes</span> <span class='ocrx_word' id='word_1_101' title='bbox 727 2445 787 2527; x_wconf 91' lang='lat' dir='ltr'>vel</span> <span class='ocrx_word' id='word_1_102' title='bbox 822 2445 1063 2555; x_wconf 87' lang='lat' dir='ltr'>suscipientes</span> <span class='ocrx_word' id='word_1_103' title='bbox 1092 2469 1176 2560; x_wconf 85' lang='lat' dir='ltr'>opus</span> 
     </span>
     <span class='ocr_line' id='line_1_18' title="bbox 108 2567 1174 2686; baseline -0.001 -27"><span class='ocrx_word' id='word_1_104' title='bbox 108 2675 111 2680; x_wconf 17' lang='lat'>¹</span> <span class='ocrx_word' id='word_1_105' title='bbox 159 2575 281 2686; x_wconf 73' lang='lat' dir='ltr'>quim</span> <span class='ocrx_word' id='word_1_106' title='bbox 305 2575 357 2654; x_wconf 94' lang='lat' dir='ltr'>ob</span> <span class='ocrx_word' id='word_1_107' title='bbox 383 2571 585 2682; x_wconf 84' lang='lat' dir='ltr'>gloriolam</span> <span class='ocrx_word' id='word_1_108' title='bbox 603 2572 644 2651; x_wconf 75' lang='lat' dir='ltr'>dr</span> <span class='ocrx_word' id='word_1_109' title='bbox 660 2567 911 2677; x_wconf 86' lang='lat' dir='ltr'>voluptatem,</span> <span class='ocrx_word' id='word_1_110' title='bbox 938 2595 1016 2650; x_wconf 92' lang='lat' dir='ltr'>non</span> <span class='ocrx_word' id='word_1_111' title='bbox 1043 2596 1174 2660; x_wconf 85' lang='lat' dir='ltr'>autem</span> 
     </span>
     <span class='ocr_line' id='line_1_19' title="bbox 161 2695 1174 2806; baseline -0.005 -18"><span class='ocrx_word' id='word_1_112' title='bbox 161 2707 214 2788; x_wconf 94' lang='lat' dir='ltr'>ob</span> <span class='ocrx_word' id='word_1_113' title='bbox 232 2705 272 2785; x_wconf 92' lang='lat' dir='ltr'>id</span> <span class='ocrx_word' id='word_1_114' title='bbox 287 2701 553 2800; x_wconf 86' lang='lat' dir='ltr'>commodum,</span> <span class='ocrx_word' id='word_1_115' title='bbox 580 2695 686 2806; x_wconf 84' lang='lat' dir='ltr'>qudd</span> <span class='ocrx_word' id='word_1_116' title='bbox 699 2697 868 2806; x_wconf 86' lang='lat' dir='ltr'>dignum</span> <span class='ocrx_word' id='word_1_117' title='bbox 886 2697 940 2778; x_wconf 91' lang='lat' dir='ltr'>est</span> <span class='ocrx_word' id='word_1_118' title='bbox 960 2699 1174 2785; x_wconf 75' lang='lat' dir='ltr'>emulatio·</span> 
     </span>
     <span class='ocr_line' id='line_1_20' title="bbox 159 2815 482 2918; baseline -0.015 -5"><span class='ocrx_word' id='word_1_119' title='bbox 159 2832 266 2913; x_wconf 83' lang='lat' dir='ltr'>ne&amp;</span> <span class='ocrx_word' id='word_1_120' title='bbox 283 2815 440 2910; x_wconf 82' lang='lat' dir='ltr'>hon&#39;ore.</span> <span class='ocrx_word' id='word_1_121' title='bbox 475 2899 482 2918; x_wconf 80' lang='grc'><strong>,</strong></span> 
     </span>
    </p>

    <p class='ocr_par' dir='ltr' id='par_1_9' title="bbox 162 2945 1175 3192">
     <span class='ocr_line' id='line_1_21' title="bbox 215 2945 1171 3064; baseline -0.001 -29"><span class='ocrx_word' id='word_1_122' title='bbox 215 2955 288 3035; x_wconf 83' lang='lat' dir='ltr'>Sed</span> <span class='ocrx_word' id='word_1_123' title='bbox 303 2951 513 3064; x_wconf 77' lang='lat' dir='ltr'>prestiterit</span> <span class='ocrx_word' id='word_1_124' title='bbox 529 2946 611 3055; x_wconf 81' lang='lat' dir='ltr'>haec</span> <span class='ocrx_word' id='word_1_125' title='bbox 625 2945 800 3029; x_wconf 87' lang='lat' dir='ltr'>omittere</span> <span class='ocrx_word' id='word_1_126' title='bbox 817 2948 857 3027; x_wconf 76' lang='grc' dir='ltr'>δι</span> <span class='ocrx_word' id='word_1_127' title='bbox 874 2945 924 3028; x_wconf 86' lang='lat' dir='ltr'>ad</span> <span class='ocrx_word' id='word_1_128' title='bbox 942 2975 986 3029; x_wconf 87' lang='lat' dir='ltr'>ea</span> <span class='ocrx_word' id='word_1_129' title='bbox 1004 2973 1171 3060; x_wconf 86' lang='lat' dir='ltr'>pergere,</span> 
     </span>
     <span class='ocr_line' id='line_1_22' title="bbox 162 3069 1175 3192; baseline 0 -30"><span class='ocrx_word' id='word_1_130' title='bbox 162 3105 247 3192; x_wconf 80' lang='lat' dir='ltr'>que</span> <span class='ocrx_word' id='word_1_131' title='bbox 276 3079 511 3187; x_wconf 82' lang='lat' dir='ltr'>sequuntur:</span> <span class='ocrx_word' id='word_1_132' title='bbox 548 3071 630 3153; x_wconf 81' lang='lat' dir='ltr'>haec</span> <span class='ocrx_word' id='word_1_133' title='bbox 657 3069 748 3152; x_wconf 81' lang='lat' dir='ltr'>verd</span> <span class='ocrx_word' id='word_1_134' title='bbox 775 3093 883 3152; x_wconf 90' lang='lat' dir='ltr'>erant</span> <span class='ocrx_word' id='word_1_135' title='bbox 907 3071 1092 3177; x_wconf 74' lang='lat' dir='ltr'>Affectus,</span> <span class='ocrx_word' id='word_1_136' title='bbox 1126 3081 1175 3162; x_wconf 90' lang='lat' dir='ltr'>de</span> 
     </span>
    </p>
   </div>
   <div class='ocr_carea' id='block_1_9' title="bbox 1035 3205 1176 3313">
    <p class='ocr_par' dir='ltr' id='par_1_10' title="bbox 1035 3205 1176 3313">
     <span class='ocr_line' id='line_1_23' title="bbox 1035 3205 1176 3313; baseline 0.021 -28"><span class='ocrx_word' id='word_1_137' title='bbox 1035 3205 1176 3313; x_wconf 85' lang='lat' dir='ltr'>quibus</span> 
     </span>
    </p>
   </div>
   <div class='ocr_carea' id='block_1_10' title="bbox 160 3362 1312 3476">
    <p class='ocr_par' dir='ltr' id='par_1_11' title="bbox 160 3362 1312 3476">
     <span class='ocr_line' id='line_1_24' title="bbox 160 3362 1312 3476; baseline -0.006 -20"><span class='ocrx_word' id='word_1_138' title='bbox 160 3396 206 3466; x_wconf 85' lang='lat' dir='ltr'>iit,</span> <span class='ocrx_word' id='word_1_139' title='bbox 232 3394 280 3475; x_wconf 83' lang='lat' dir='ltr'>qui</span> <span class='ocrx_word' id='word_1_140' title='bbox 300 3391 492 3476; x_wconf 77' lang='lat' dir='ltr'>magistratum</span> <span class='ocrx_word' id='word_1_141' title='bbox 513 3390 544 3449; x_wconf 90' lang='lat' dir='ltr'>in</span> <span class='ocrx_word' id='word_1_142' title='bbox 559 3362 648 3450; x_wconf 83' lang='lat' dir='ltr'>tomi·</span> <span class='ocrx_word' id='word_1_143' title='bbox 729 3390 764 3450; x_wconf 83' lang='lat' dir='ltr'>L.</span> <span class='ocrx_word' id='word_1_144' title='bbox 777 3392 822 3450; x_wconf 77' lang='lat' dir='ltr'>td.</span> <span class='ocrx_word' id='word_1_145' title='bbox 841 3385 935 3462; x_wconf 70' lang='lat' dir='ltr'>Eiti]</span> <span class='ocrx_word' id='word_1_146' title='bbox 953 3394 996 3450; x_wconf 81' lang='lat' dir='ltr'>lta</span> <span class='ocrx_word' id='word_1_147' title='bbox 1011 3395 1080 3452; x_wconf 85' lang='lat' dir='ltr'>Msti</span> <span class='ocrx_word' id='word_1_148' title='bbox 1095 3399 1125 3454; x_wconf 72' lang='grc' dir='ltr'>ἀ</span> <span class='ocrx_word' id='word_1_149' title='bbox 1140 3401 1176 3456; x_wconf 79' lang='grc' dir='ltr'>Ε.</span> <span class='ocrx_word' id='word_1_150' title='bbox 1311 3427 1312 3432; x_wconf 41' lang='lat'>1</span> 
     </span>
    </p>
   </div>
   <div class='ocr_carea' id='block_1_11' title="bbox 159 3457 1179 4308">
    <p class='ocr_par' dir='ltr' id='par_1_12' title="bbox 159 3457 1178 3888">
     <span class='ocr_line' id='line_1_25' title="bbox 160 3457 1176 3561; baseline -0.006 -24"><span class='ocrx_word' id='word_1_151' title='bbox 160 3481 206 3538; x_wconf 84' lang='lat' dir='ltr'>tiis</span> <span class='ocrx_word' id='word_1_152' title='bbox 220 3495 330 3559; x_wconf 85' lang='lat' dir='ltr'>petunt,</span> <span class='ocrx_word' id='word_1_153' title='bbox 349 3483 379 3536; x_wconf 73' lang='grc' dir='ltr'>δι</span> <span class='ocrx_word' id='word_1_154' title='bbox 399 3472 516 3556; x_wconf 71' lang='lat' dir='ltr'>peronii</span> <span class='ocrx_word' id='word_1_155' title='bbox 532 3457 647 3553; x_wconf 73' lang='lat' dir='ltr'>quidem</span> <span class='ocrx_word' id='word_1_156' title='bbox 689 3470 738 3532; x_wconf 89' lang='lat' dir='ltr'>dit.</span> <span class='ocrx_word' id='word_1_157' title='bbox 756 3489 813 3533; x_wconf 84' lang='lat' dir='ltr'>vet.</span> <span class='ocrx_word' id='word_1_158' title='bbox 829 3491 881 3554; x_wconf 84' lang='lat' dir='ltr'>pro</span> <span class='ocrx_word' id='word_1_159' title='bbox 900 3489 959 3552; x_wconf 88' lang='lat' dir='ltr'>quo</span> <span class='ocrx_word' id='word_1_160' title='bbox 977 3475 1064 3536; x_wconf 81' lang='lat' dir='ltr'>Faber</span> <span class='ocrx_word' id='word_1_161' title='bbox 1079 3477 1176 3561; x_wconf 84' lang='lat' dir='ltr'>legen.</span> 
     </span>
     <span class='ocr_line' id='line_1_26' title="bbox 160 3553 1177 3646; baseline -0.009 -24"><span class='ocrx_word' id='word_1_162' title='bbox 160 3562 304 3642; x_wconf 84' lang='lat' dir='ltr'>corrumpi</span> <span class='ocrx_word' id='word_1_163' title='bbox 319 3590 328 3633; x_wconf 61' lang='grc' dir='ltr'><strong>ς</strong></span> <span class='ocrx_word' id='word_1_164' title='bbox 348 3560 387 3618; x_wconf 87' lang='lat' dir='ltr'>ita</span> <span class='ocrx_word' id='word_1_165' title='bbox 409 3575 439 3617; x_wconf 87' lang='lat' dir='ltr'>ut</span> <span class='ocrx_word' id='word_1_166' title='bbox 460 3561 586 3618; x_wconf 79' lang='lat' dir='ltr'>Catones</span> <span class='ocrx_word' id='word_1_167' title='bbox 605 3577 649 3618; x_wconf 89' lang='lat' dir='ltr'>re·</span> <span class='ocrx_word' id='word_1_168' title='bbox 689 3553 758 3615; x_wconf 86' lang='lat' dir='ltr'>dum</span> <span class='ocrx_word' id='word_1_169' title='bbox 773 3555 941 3622; x_wconf 65' lang='lat' dir='ltr'>censetisne</span> <span class='ocrx_word' id='word_1_170' title='bbox 954 3555 1066 3620; x_wconf 82' lang='lat' dir='ltr'>sonasse</span> <span class='ocrx_word' id='word_1_171' title='bbox 1079 3559 1177 3646; x_wconf 68' lang='lat' dir='ltr'>legen.</span> 
     </span>
     <span class='ocr_line' id='line_1_27' title="bbox 159 3637 1173 3727; baseline -0.001 -23"><span class='ocrx_word' id='word_1_172' title='bbox 159 3643 269 3727; x_wconf 80' lang='lat' dir='ltr'>pulsam</span> <span class='ocrx_word' id='word_1_173' title='bbox 284 3643 387 3714; x_wconf 80' lang='lat' dir='ltr'>serant,</span> <span class='ocrx_word' id='word_1_174' title='bbox 408 3642 517 3702; x_wconf 82' lang='lat' dir='ltr'>Vatinii</span> <span class='ocrx_word' id='word_1_175' title='bbox 530 3639 601 3703; x_wconf 73' lang='lat' dir='ltr'>vero</span> <span class='ocrx_word' id='word_1_176' title='bbox 616 3643 646 3699; x_wconf 72' lang='grc' dir='ltr'>δι</span> <span class='ocrx_word' id='word_1_177' title='bbox 689 3639 757 3697; x_wconf 81' lang='lat' dir='ltr'>dum</span> <span class='ocrx_word' id='word_1_178' title='bbox 773 3637 812 3696; x_wconf 84' lang='lat' dir='ltr'>est</span> <span class='ocrx_word' id='word_1_179' title='bbox 830 3644 870 3708; x_wconf 61' lang='lat'>331⁸</span> <span class='ocrx_word' id='word_1_180' title='bbox 885 3638 924 3722; x_wconf 70' lang='grc' dir='ltr'>ις),</span> <span class='ocrx_word' id='word_1_181' title='bbox 945 3643 1018 3701; x_wconf 87' lang='lat' dir='ltr'>utin</span> <span class='ocrx_word' id='word_1_182' title='bbox 1033 3646 1105 3707; x_wconf 73' lang='lat' dir='ltr'>See.</span> <span class='ocrx_word' id='word_1_183' title='bbox 1126 3669 1173 3719; x_wconf 72' lang='lat'>99,</span> 
     </span>
     <span class='ocr_line' id='line_1_28' title="bbox 160 3723 1178 3814; baseline 0.001 -24"><span class='ocrx_word' id='word_1_184' title='bbox 160 3730 255 3791; x_wconf 83' lang='lat' dir='ltr'>Nonii</span> <span class='ocrx_word' id='word_1_185' title='bbox 268 3731 384 3787; x_wconf 68' lang='lat' dir='ltr'>Struma</span> <span class='ocrx_word' id='word_1_186' title='bbox 400 3727 430 3784; x_wconf 89' lang='lat' dir='ltr'>in</span> <span class='ocrx_word' id='word_1_187' title='bbox 446 3723 520 3786; x_wconf 82' lang='lat' dir='ltr'>sellis</span> <span class='ocrx_word' id='word_1_188' title='bbox 535 3724 649 3785; x_wconf 84' lang='lat' dir='ltr'>sedeant</span> <span class='ocrx_word' id='word_1_189' title='bbox 688 3729 806 3814; x_wconf 62' lang='lat' dir='ltr'>aigin</span> <span class='ocrx_word' id='word_1_190' title='bbox 822 3728 864 3798; x_wconf 62' lang='lat' dir='ltr'>a?</span> <span class='ocrx_word' id='word_1_191' title='bbox 898 3725 908 3754; x_wconf 66' lang='grc'><em>“</em></span> <span class='ocrx_word' id='word_1_192' title='bbox 933 3727 1099 3788; x_wconf 81' lang='lat' dir='ltr'>mutandum</span> <span class='ocrx_word' id='word_1_193' title='bbox 1122 3726 1178 3791; x_wconf 83' lang='lat' dir='ltr'>esse</span> 
     </span>
     <span class='ocr_line' id='line_1_29' title="bbox 160 3751 1176 3888; baseline -0.001 -14"><span class='ocrx_word' id='word_1_194' title='bbox 160 3812 310 3875; x_wconf 82' lang='lat' dir='ltr'>curulibus.</span> <span class='ocrx_word' id='word_1_195' title='bbox 351 3809 475 3871; x_wconf 79' lang='lat' dir='ltr'>Tollius.</span> <span class='ocrx_word' id='word_1_196' title='bbox 690 3807 806 3877; x_wconf 65' lang='lat' dir='ltr'>monui,</span> <span class='ocrx_word' id='word_1_197' title='bbox 820 3751 916 3888; x_wconf 63' lang='lat' dir='ltr'>sapide</span> <span class='ocrx_word' id='word_1_198' title='bbox 930 3811 1176 3873; x_wconf 64' lang='lat' dir='ltr'>«contraducti-</span> 
     </span>
    </p>

    <p class='ocr_par' dir='ltr' id='par_1_13' title="bbox 159 3889 1179 4308">
     <span class='ocr_line' id='line_1_30' title="bbox 203 3889 1170 3970; baseline -0.007 -12"><span class='ocrx_word' id='word_1_199' title='bbox 203 3899 238 3958; x_wconf 85' lang='lat' dir='ltr'>L.</span> <span class='ocrx_word' id='word_1_200' title='bbox 252 3916 299 3956; x_wconf 84' lang='lat' dir='ltr'>rr.</span> <span class='ocrx_word' id='word_1_201' title='bbox 319 3889 474 3966; x_wconf 68' lang='grc' dir='ltr'>Διπυδν]</span> <span class='ocrx_word' id='word_1_202' title='bbox 493 3895 605 3951; x_wconf 84' lang='lat' dir='ltr'>Omnes</span> <span class='ocrx_word' id='word_1_203' title='bbox 616 3889 648 3951; x_wconf 90' lang='lat' dir='ltr'>li·</span> <span class='ocrx_word' id='word_1_204' title='bbox 689 3890 763 3951; x_wconf 85' lang='lat' dir='ltr'>bitur</span> <span class='ocrx_word' id='word_1_205' title='bbox 775 3892 806 3949; x_wconf 91' lang='lat' dir='ltr'>in</span> <span class='ocrx_word' id='word_1_206' title='bbox 819 3893 904 3952; x_wconf 81' lang='lat' dir='ltr'>MStit</span> <span class='ocrx_word' id='word_1_207' title='bbox 918 3909 971 3970; x_wconf 88' lang='lat' dir='ltr'>pro</span> <span class='ocrx_word' id='word_1_208' title='bbox 987 3893 1037 3966; x_wconf 59' lang='grc' dir='ltr'><strong><em>εἶτ’.</em></strong></span> <span class='ocrx_word' id='word_1_209' title='bbox 1166 3901 1170 3908; x_wconf 93' lang='grc'><strong>’</strong></span> 
     </span>
     <span class='ocr_line' id='line_1_31' title="bbox 161 3972 1176 4060; baseline -0.003 -21"><span class='ocrx_word' id='word_1_210' title='bbox 161 3978 206 4041; x_wconf 83' lang='lat' dir='ltr'>bri</span> <span class='ocrx_word' id='word_1_211' title='bbox 232 3975 373 4059; x_wconf 82' lang='lat' dir='ltr'>scripti&amp;</span> <span class='ocrx_word' id='word_1_212' title='bbox 401 3972 522 4058; x_wconf 81' lang='lat' dir='ltr'>impreffi</span> <span class='ocrx_word' id='word_1_213' title='bbox 543 3973 648 4035; x_wconf 76' lang='lat' dir='ltr'>habent</span> <span class='ocrx_word' id='word_1_214' title='bbox 729 3977 764 4036; x_wconf 84' lang='lat' dir='ltr'>L.</span> <span class='ocrx_word' id='word_1_215' title='bbox 779 3973 828 4038; x_wconf 82' lang='lat' dir='ltr'>uit.</span> <span class='ocrx_word' id='word_1_216' title='bbox 847 3975 895 4037; x_wconf 78' lang='lat' dir='ltr'>&#39;Et</span> <span class='ocrx_word' id='word_1_217' title='bbox 916 3973 987 4052; x_wconf 63' lang='lat' dir='ltr'>isso</span> <span class='ocrx_word' id='word_1_218' title='bbox 1003 3975 1176 4060; x_wconf 62' lang='grc' dir='ltr'><strong>ψηψί-</strong></span> 
     </span>
     <span class='ocr_line' id='line_1_32' title="bbox 159 4056 1179 4140; baseline -0.008 -13"><span class='ocrx_word' id='word_1_219' title='bbox 159 4063 320 4127; x_wconf 60' lang='lat' dir='ltr'>desereire</span> <span class='ocrx_word' id='word_1_220' title='bbox 335 4062 382 4123; x_wconf 85' lang='lat' dir='ltr'>sed</span> <span class='ocrx_word' id='word_1_221' title='bbox 391 4059 502 4122; x_wconf 75' lang='lat' dir='ltr'>Tollius</span> <span class='ocrx_word' id='word_1_222' title='bbox 516 4056 588 4117; x_wconf 81' lang='lat' dir='ltr'>hanc</span> <span class='ocrx_word' id='word_1_223' title='bbox 597 4076 649 4119; x_wconf 87' lang='lat' dir='ltr'>vo·</span> <span class='ocrx_word' id='word_1_224' title='bbox 689 4078 738 4125; x_wconf 74' lang='grc' dir='ltr'>νος</span> <span class='ocrx_word' id='word_1_225' title='bbox 758 4062 829 4140; x_wconf 70' lang='lat' dir='ltr'>dte]</span> <span class='ocrx_word' id='word_1_226' title='bbox 850 4057 975 4119; x_wconf 85' lang='lat' dir='ltr'>Dubium</span> <span class='ocrx_word' id='word_1_227' title='bbox 990 4061 1041 4132; x_wconf 85' lang='lat' dir='ltr'>est,</span> <span class='ocrx_word' id='word_1_228' title='bbox 1054 4081 1091 4120; x_wconf 86' lang='lat' dir='ltr'>an</span> <span class='ocrx_word' id='word_1_229' title='bbox 1100 4067 1179 4123; x_wconf 75' lang='lat' dir='ltr'>Lon·</span> 
     </span>
     <span class='ocr_line' id='line_1_33' title="bbox 160 4141 1177 4226; baseline -0.002 -20"><span class='ocrx_word' id='word_1_230' title='bbox 160 4166 225 4207; x_wconf 85' lang='lat' dir='ltr'>cern</span> <span class='ocrx_word' id='word_1_231' title='bbox 238 4148 270 4206; x_wconf 87' lang='lat' dir='ltr'>in</span> <span class='ocrx_word' id='word_1_232' title='bbox 282 4149 416 4211; x_wconf 65' lang='lat' dir='ltr'>deruit</span> <span class='ocrx_word' id='word_1_233' title='bbox 429 4141 649 4204; x_wconf 68' lang='lat' dir='ltr'>reeenutatite</span> <span class='ocrx_word' id='word_1_234' title='bbox 689 4144 771 4226; x_wconf 77' lang='lat' dir='ltr'>ginut</span> <span class='ocrx_word' id='word_1_235' title='bbox 785 4144 860 4205; x_wconf 83' lang='lat' dir='ltr'>hunc</span> <span class='ocrx_word' id='word_1_236' title='bbox 876 4146 920 4218; x_wconf 88' lang='lat' dir='ltr'>(ut</span> <span class='ocrx_word' id='word_1_237' title='bbox 928 4141 1056 4223; x_wconf 82' lang='lat' dir='ltr'>promisit</span> <span class='ocrx_word' id='word_1_238' title='bbox 1064 4147 1094 4204; x_wconf 90' lang='lat' dir='ltr'>in</span> <span class='ocrx_word' id='word_1_239' title='bbox 1102 4147 1177 4212; x_wconf 72' lang='lat' dir='ltr'>sesi.</span> 
     </span>
     <span class='ocr_line' id='line_1_34' title="bbox 160 4224 1178 4308; baseline -0.005 -18"><span class='ocrx_word' id='word_1_240' title='bbox 160 4228 200 4290; x_wconf 76' lang='lat' dir='ltr'>stt</span> <span class='ocrx_word' id='word_1_241' title='bbox 215 4249 273 4292; x_wconf 81' lang='lat' dir='ltr'>vox</span> <span class='ocrx_word' id='word_1_242' title='bbox 285 4233 419 4296; x_wconf 60' lang='lat' dir='ltr'>somn</span> <span class='ocrx_word' id='word_1_243' title='bbox 434 4247 499 4286; x_wconf 84' lang='lat' dir='ltr'>cum</span> <span class='ocrx_word' id='word_1_244' title='bbox 514 4227 648 4289; x_wconf 82' lang='lat' dir='ltr'>Genitiro</span> <span class='ocrx_word' id='word_1_245' title='bbox 693 4248 720 4299; x_wconf 70' lang='lat' dir='ltr'>s.</span> <span class='ocrx_word' id='word_1_246' title='bbox 735 4224 770 4290; x_wconf 80' lang='lat' dir='ltr'>ad</span> <span class='ocrx_word' id='word_1_247' title='bbox 786 4227 894 4308; x_wconf 84' lang='lat' dir='ltr'>finem)</span> <span class='ocrx_word' id='word_1_248' title='bbox 911 4227 1058 4291; x_wconf 62' lang='lat' dir='ltr'>testatum</span> <span class='ocrx_word' id='word_1_249' title='bbox 1076 4228 1112 4287; x_wconf 87' lang='lat' dir='ltr'>de</span> <span class='ocrx_word' id='word_1_250' title='bbox 1129 4233 1178 4286; x_wconf 76' lang='lat' dir='ltr'>Ar.</span> 
     </span>
    </p>
   </div>
   <div class='ocr_carea' id='block_1_12' title="bbox 158 4308 1180 4402">
    <p class='ocr_par' dir='ltr' id='par_1_14' title="bbox 158 4308 1180 4402">
     <span class='ocr_line' id='line_1_35' title="bbox 158 4308 1180 4402; baseline -0.002 -26"><span class='ocrx_word' id='word_1_251' title='bbox 158 4315 279 4402; x_wconf 71' lang='lat' dir='ltr'>oecorrit</span> <span class='ocrx_word' id='word_1_252' title='bbox 293 4309 366 4397; x_wconf 83' lang='lat' dir='ltr'>apud</span> <span class='ocrx_word' id='word_1_253' title='bbox 383 4308 560 4377; x_wconf 62' lang='lat' dir='ltr'>Admone</span> <span class='ocrx_word' id='word_1_254' title='bbox 1060 4310 1180 4374; x_wconf 71' lang='lat' dir='ltr'>renibus</span> 
     </span>
    </p>
   </div>
   <div class='ocr_carea' id='block_1_13' title="bbox 0 0 1584 5267">
    <p class='ocr_par' dir='ltr' id='par_1_15' title="bbox 0 0 1584 5267">
     <span class='ocr_line' id='line_1_36' title="bbox 0 0 1584 5267; baseline 0 0"><span class='ocrx_word' id='word_1_255' title='bbox 0 0 1584 5267; x_wconf 95' lang='lat' dir='ltr'> </span> 
     </span>
    </p>
   </div>
  </div>
 </body>
</html>
