3159 5267
305 396 400 481 DE
455 389 980 482 SUBLIMITATE
1031 402 1107 485 &a

195 548 221 590 ‘¹
250 542 410 643 cudum,
439 565 485 623 ut
508 540 633 623 acervi
656 566 790 621 earum
815 543 1059 647 autiernus,
1086 568 1132 630 ut
1149 530 1219 646 illi,

196 674 224 715 ‘¹
252 667 321 779 qui
342 666 576 763 accederent,
604 662 627 745 ὲ
645 664 860 773 longinquo
877 666 1157 777 suspicarentur
1170 699 1223 753 eos

198 798 226 837 “
253 788 324 873 elle
353 786 470 873 colles
499 786 745 897 tumulosque
769 786 907 873 alteros
934 792 1068 875 contri
1085 794 1222 877 alteros

198 926 226 965 ‘⁸
253 918 431 1002 noeto&
502 916 569 995 Etr
603 913 899 999 Sublimioribus
928 918 978 999 ad
1011 916 1221 1003 humiliora

198 1042 313 1155 fugit,
357 1071 450 1126 cum
479 1064 670 1152 oporteret
702 1038 816 1122 illurn
847 1039 972 1126 feciss'e
1007 1046 1222 1137 incremen-

199 1194 289 1252 tum
310 1168 396 1250 vice
417 1170 543 1259 vereda
577 1164 689 1249 srmul
714 1166 933 1248 admirabili
958 1171 1077 1254 totius
1100 1197 1222 1285 appa-

199 1294 311 1377 ratds
333 1292 540 1375 narrationi
568 1292 780 1375 admiscens
813 1291 982 1375 culeolos
1015 1297 1057 1377 dt
1087 1302 1221 1382 condi·

201 1443 332 1506 menta
349 1422 389 1501 tr
414 1418 594 1520 sacculos,
623 1420 837 1530 imaginem
863 1424 1059 1531 quandam
1085 1427 1224 1533 eulina

203 1547 316 1631 fecit:
343 1570 389 1632 ut
406 1548 527 1645 enim,
546 1546 574 1625 fi
590 1548 678 1656 quis
695 1548 806 1656 super
822 1543 904 1628 hac
922 1548 1001 1657 ipsa
1018 1578 1222 1635 ornamen-
1255 1598 1257 1601 >

1171 1703 1222 1779 ta,

202 1844 323 1931 odyffei
353 1846 505 1927 loquuntur
535 1845 572 1907 de
598 1844 692 1916 malis,
732 1844 856 1906 inediam
879 1846 974 1908 cibum
989 1863 1226 1933 potumquenat·

201 1952 263 2014 quc
287 1929 353 2014 palli
376 1946 457 1997 erant
477 1932 507 1989 in
527 1926 606 1990 bello
619 1935 693 1991 Tm·
731 1931 765 2001 ti,
786 1930 857 1990 ebrii
870 1929 938 1991 faui
960 1932 1034 2003 sunt,
1054 1955 1140 2016 quam
1161 1956 1223 2001 tem

200 2022 280 2095 jano,
296 2032 434 2094 tanquam
448 2012 540 2075 multo
558 2029 624 2073 ante
642 2010 693 2072 libi
734 2018 823 2073 Po'e'ra
839 2034 890 2095 per
900 2014 1077 2099 Allegotiam
1089 2022 1226 2093 narrarit,

202 2102 366 2182 cognitis&
385 2098 523 2178 expertis3
544 2117 609 2157 etun
625 2096 692 2167 ltor,
734 2096 838 2177 eosque
857 2096 926 2158 dixit
945 2103 1028 2178 (nou
1051 2103 1221 2183 immeritis)

200 2186 329 2265 immam,
357 2181 518 2263 argumenti
539 2180 607 2241 lace
621 2199 693 2262 pro·
733 2182 763 2241 in
792 2198 897 2263 porcos
929 2184 1083 2247 conversos
1119 2186 1223 2249 fitillea

201 2266 269 2339 fert,
295 2265 366 2327 nihil
391 2267 473 2346 agit:
503 2266 593 2324 Po'e'ra
614 2266 692 2326 enim
734 2265 811 2345 quod
829 2262 901 2326 ωδ
921 2268 957 2327 ad
983 2271 1142 2332 Columbas
1161 2275 1226 2331 atti·

202 2353 262 2424 ille,
292 2352 421 2431 quinon
440 2344 493 2409 nili
522 2349 606 2409 tertio
630 2346 693 2429 poll
735 2366 795 2418 net,
823 2353 851 2411 S.
871 2350 1025 2412 Botharnts
1049 2356 1080 2412 in
1101 2354 1152 2415 suo
1174 2354 1224 2415 ad·

204 2434 311 2497 senum
321 2438 481 2506 Trolanutn
497 2429 599 2491 laculo
614 2433 694 2499 vixit,
735 2431 868 2492 mirando
903 2452 1003 2514 opere,
1037 2438 1082 2497 tui
1108 2454 1224 2498 nomen

203 2518 296 2601 potuit
313 2518 399 2579 etiam
415 2511 693 2595 inodyliei‚fieam
735 2515 841 2595 Phalsg,
862 2535 923 2579 tem
946 2538 1000 2599 pro
1021 2517 1070 2580 sui
1091 2518 1225 2602 lingulati

203 2617 270 2663 ante
285 2598 374 2660 iliada
388 2598 620 2679 componendam
640 2596 695 2658 sus·
734 2598 863 2660 dodrinsi
887 2600 974 2683 longi
993 2602 1073 2664 aliter
1085 2606 1224 2669 tradatis.

204 2684 322 2766 ceperit,
348 2700 385 2743 eo
408 2682 510 2752 modo,
540 2700 598 2762 quo
617 2681 695 2751 dicit,
775 2687 846 2744 Hac
863 2682 1021 2746 andrasum
1042 2691 1071 2747 et
1093 2688 1124 2748 in
1145 2693 1226 2750 Lon.

203 2768 240 2831 de
255 2771 385 2829 Heroum
400 2770 563 2826 Graecorum
579 2764 696 2825 adTro·
732 2768 804 2849 gino
822 2767 1050 2849 reprehendere;
1078 2792 1173 2853 neque
1195 2796 1226 2833 e·

204 2856 264 2930 iant
290 2850 421 2911 aerumnis
449 2849 566 2910 diceret
603 2868 694 2929 neque
736 2854 808 2921 nim,
829 2870 894 2913 cunt
908 2850 974 2911 dito
990 2873 1056 2913 eum
1071 2854 1102 2915 in
1117 2850 1226 2938 scriptis

203 2956 304 2997 tamen
326 2956 362 2995 ne
382 2955 402 2994 o
424 2932 513 2995 Iliada
528 2950 594 2991 ante
612 2932 695 3013 scrip·
735 2935 889 3009 judicandis
904 2934 975 2994 ultra
988 2936 1075 3017 quim
1087 2938 1135 3000 tel
1149 2940 1226 3021 opti·

204 3038 265 3081 tarn
299 2954 382 3081 fuisti
413 3016 500 3097 quim
530 3011 695 3095 Odylleam.
735 3020 775 3079 mi
792 3018 900 3088 Crititi,
921 3018 1042 3080 arbitror
1060 3042 1126 3083 eum
1139 3023 1224 3094 ultri,

202 3105 374 3185 (Longinus
390 3099 445 3159 lroc
468 3099 529 3159 aliis
547 3117 698 3179 argumen-
734 3100 821 3183 quim
842 3104 944 3182 patitur
971 3120 1070 3165 natura
1089 3106 1225 3181 humana,

204 3190 241 3327 i?
265 3178 696 3347 lllllltlliillll
733 3186 890 3331 ‘iiiii‘
906 3182 1027 3348 ‘iiam
1054 3266 1096 3345 s,
1126 3264 1150 3336 a
1175 3294 1224 3338 m

205 3314 344 3413 suilicere.
393 3348 463 3409 Sunt
484 3349 581 3416 etiarn,
608 3344 697 3431 quii
736 3354 813 3432 &t.]
864 3342 928 3413 Hit
961 3354 1148 3419 similitudine
1183 3360 1228 3420 oi.

206 3434 335 3515 Longini
356 3431 460 3504 iudicio
487 3430 603 3500 abeunt,
631 3450 696 3491 cum
737 3434 776 3494 hil
795 3432 896 3495 melius
914 3441 1067 3520 excogitari
1087 3440 1169 3524 pollis
1190 3434 1233 3503 ad'

207 3518 315 3599 profert
338 3516 415 3578 velut
435 3513 615 3584 ridiculam,
635 3534 696 3594 qurs
737 3540 797 3580 tem
814 3518 888 3579 tlard
907 3520 1098 3595 indicandam,
1118 3526 1181 3586 imd
1193 3533 1224 3587 δι

205 3604 352 3663 Homerus
372 3598 439 3659 dicit
454 3597 490 3657 de
504 3594 605 3678 Ulyffis
617 3596 699 3659 sociis
737 3602 937 3685 probandamr
972 3604 1031 3667 ltaet
1052 3608 1092 3669 ert
1113 3629 1170 3671 una
1190 3628 1224 3670 ex

206 3686 238 3744 in
261 3700 364 3764 porcos
383 3683 507 3752 mutaris,
528 3686 557 3740 dt
582 3679 618 3740 de
641 3686 698 3741 Co-
737 3687 795 3747 illis
819 3685 958 3747 scribendi
978 3691 1137 3762 virtutibus,
1162 3711 1225 3772 qun

207 3766 324 3837 lumbis,
351 3786 411 3846 quae
440 3766 507 3838 Jovi
529 3761 629 3824 infanti
651 3766 699 3827 ali·
738 3770 835 3829 multis
861 3770 1015 3833 levioribus
1045 3776 1119 3836 vitiis
1143 3772 1226 3855 pollis

207 3867 338 3911 mentum
360 3848 562 3928 prabueruntt
597 3844 699 3907 fihaet
738 3854 853 3913 veniam
882 3855 1057 3934 impetrares
1093 3876 1163 3918 nam
1191 3858 1228 3921 de

208 3935 288 3995 enim
324 3932 484 4012 Allegorice
519 3932 699 4013 accipiamus,
740 3936 796 3995 hoc
831 3940 958 4018 Longini
988 3939 1056 4001 loro
1085 3937 1228 4023 possumus

209 4016 292 4099 culpi
308 4014 425 4075 forlitan
442 4033 536 4075 carere
559 4016 700 4098 reperien·
739 4018 816 4080 idem
830 4020 946 4093 (litero,=
955 4022 1030 4102 quod
1042 4022 1090 4084 ille
1103 4022 1139 4085 de
1153 4025 1229 4087 sum.

209 4116 263 4174 tut,
303 4096 404 4187 Ulyffis
418 4096 486 4191 socii
502 4096 565 4193 poll
581 4100 700 4184 longam
739 4104 796 4171 mis
809 4098 979 4233 Audoriltus
995 4106 1146 4193 aliquando
1164 4128 1230 4257 gage.

1104 4210 1179 4260 ranst
1199 4212 1234 4259 ua

1312 428 1393 516 ²35
