3159 5267
175 523 1114 620 ..oasoumutaoauot
1214 615 1219 625 ,
1325 515 1405 651 127

199 657 229 723 ὰ
255 701 349 760 cum
366 673 407 754 in
426 667 609 753 malam.’'
651 667 771 754 Nihil
785 668 891 752 aliud
903 669 971 755 hic
987 673 1108 757 efficit
1120 673 1231 760 Rhe-⁶

198 801 273 903 tot,
303 797 422 911 quam
449 796 569 908 isqui
588 797 784 879 verberat:
813 795 863 878 sc.
880 821 1027 880 mentes
1047 799 1230 908 judicum

197 925 362 1040 rcpetito
379 923 529 1034 impetu
546 921 726 1034 percutit.
771 921 924 1007 Deinde
940 921 1048 1025 hinc,
1077 928 1230 1036 procel·

198 1051 327 1136 larum
347 1051 475 1150 instar,
504 1047 630 1132 rursus
657 1047 777 1132 aliam
789 1045 982 1161 judicibus
999 1050 1143 1136 faciens
1160 1082 1229 1166 ag-

196 1180 439 1289 greffionem,
482 1185 663 1286 “quum
691 1203 837 1286 pugno,
877 1205 971 1260 cum
1002 1181 1044 1260 in
1078 1180 1229 1266 malam

82 1391 86 1398 ,
199 1313 228 1351 “
255 1303 457 1416 (inquit):
486 1299 568 1382 haec
597 1301 836 1411 perturbant,
864 1299 948 1386 haec
977 1329 1086 1388 extra
1112 1307 1150 1388 se
1166 1336 1228 1391 ta-

198 1439 226 1478 “
254 1431 368 1542 piunt
385 1427 562 1511 homines
579 1455 659 1510 non
679 1429 839 1510 affuetos
864 1427 1018 1538 injurias
1035 1434 1136 1540 pati:
1158 1463 1228 1517 ne·

198 1563 225 1602 “
254 1581 323 1638 mo
345 1555 413 1654 est,
439 1551 509 1663 qui
537 1547 619 1633 haec
644 1549 811 1633 referens
838 1553 963 1662 potest
978 1556 1230 1644 acerbitatem
1348 1653 1353 1661 ⁴

197 1689 226 1731 “
251 1709 387 1776 eorum
416 1682 468 1763 ob
495 1677 628 1761 oculos
662 1681 842 1788 ponere.’'
909 1679 1017 1789 Ergo
1047 1707 1230 1771 naturam

196 1808 491 1921 Repetitiooum
514 1807 554 1886 δι
572 1803 856 1887 Diffolutorum
872 1805 1018 1916 ubique
1043 1813 1230 1919 perpetua

196 1935 408 2018 variatione
425 1931 622 2015 custodit:
651 1929 702 2010 fic
727 1931 833 2040 apud
857 1928 973 2011 illum
990 1933 1110 2014 etiam
1131 1939 1229 2018 ordo

196 2042 407 2148 confusum
433 2059 544 2173 quid,
573 2056 775 2168 rursusque
793 2057 937 2139 ordinis
958 2057 1129 2143 defectus
1145 2089 1230 2145 cet-

198 2213 285 2276 tum
303 2189 501 2301 quendam
520 2186 563 2268 in
579 2187 617 2270 se
633 2185 808 2270 continet
825 2185 1016 2270 ordinem.

249 2445 335 2551 Age
363 2443 492 2552 igitur,
521 2442 619 2525 adde
647 2437 704 2522 his
728 2441 900 2552 copulas,
929 2441 959 2524 fi
986 2442 1057 2541 vis,
1091 2465 1139 2525 ut
1166 2443 1226 2527 fa·
1241 2462 1352 2545 cuuto

153 2553 157 2564 ⁸
194 2571 307 2655 ciunt
326 2567 502 2654 Isocratis
520 2569 744 2669 imitatores,
775 2569 877 2651 “Et
900 2595 950 2650 ne
973 2565 1050 2650 hoc
1068 2571 1227 2678 quidem

194 2707 222 2743 “
249 2719 403 2806 oportet
430 2694 620 2795 omittere,
650 2693 757 2806 quod
774 2696 901 2782 multa
919 2694 1033 2804 poffit
1051 2693 1177 2779 facere
1196 2699 1227 2781 it

194 2835 222 2874 ‘⁴
250 2825 320 2937 qui
335 2825 508 2908 verberat
522 2825 595 2909 &c
613 2825 790 2936 primum
805 2826 966 2938 quidem
980 2824 1100 2935 gestu,
1116 2827 1225 2910 dein-

195 2959 223 3000 “
251 2953 299 3036 de
318 2951 442 3053 vultu,
462 2950 667 3062 'postremo
684 2976 818 3036 autem
837 2951 918 3062 ipsa
932 2953 1067 3050 voce,''
1086 2953 1127 3032 δι
1140 2952 1225 3036 sen-

193 3082 263 3166 ties
293 3078 369 3191 (fic
397 3079 440 3160 in
464 3077 524 3178 iis,
562 3103 649 3186 quae
678 3078 904 3188 sequuntur,
935 3077 1138 3186 addendo)
1167 3079 1220 3184 id,

146 3203 155 3222 ⁴
192 3209 301 3324 quod
327 3205 502 3288 Affectus
527 3205 627 3286 inse
651 3201 767 3287 babet
791 3206 1031 3289 concitatum
1057 3207 1098 3286 &
1115 3207 1224 3318 aspe-

193 3365 298 3436 rum,
326 3329 520 3442 ficopulis
538 3331 592 3411 ita
609 3317 832 3441 complanes
855 3353 902 3412 ut
929 3328 1023 3411 laeve
1043 3331 1102 3431 fit,
1131 3359 1224 3415 acu·
1305 3344 1310 3349 ’

193 3463 256 3548 leo
290 3485 421 3548 carens
455 3453 652 3558 substdere,
687 3455 886 3540 &statim
916 3456 1104 3568 extingui.
1166 3460 1225 3540 Ut

1115 3609 1224 3668 emm

192 3743 318 3817 duobus,
336 3760 459 3827 quomo
473 3739 632 3806 autoritati
645 3761 688 3805 te-
728 3755 835 3800 mturae
855 3737 930 3811 sunt,
964 3751 996 3798 ut
1024 3737 1149 3798 orationi
1169 3735 1223 3797 ob·

192 3828 290 3892 fistete
303 3847 365 3890 ooo
379 3825 461 3889 ausus
477 3821 550 3887 sum.
729 3823 809 3884 finta
836 3839 895 3884 vox
918 3817 1062 3900 ‚uttam
1080 3817 1222 3902 fignificat

236 3916 272 3977 L.
292 3923 320 3977 8.
347 3910 413 3974 Tha>
437 3908 595 3988 modoet
613 3905 686 3982 otc]
728 3909 768 3968 ita
788 3905 920 3984 custodiro,
947 3923 978 3968 ut
1003 3903 1110 3988 nequid
1138 3903 1222 3966 alicui

192 3998 296 4060 Stosut
318 3995 387 4060 estc
415 3993 551 4078 perpetui
576 3992 688 4073 Figura·
729 3989 880 4054 maliinde
896 3991 1014 4056 accidat.

194 4095 259 4144 tum
278 4081 414 4144 varietate
430 4097 523 4148 cavet,
543 4095 581 4136 oe
602 4092 688 4156 appa·
770 4077 806 4139 L.
834 4093 881 4138 ιο.
902 4069 1068 4148 ’,4τηῖοή
1106 4065 1222 4135 Tollius

190 4181 277 4229 scant
298 4163 357 4226 istc
370 4169 416 4226 Re
452 4163 610 4225 titiano&
624 4155 689 4218 Dis·
728 4157 939 4248 maluitlcgere
956 4153 1142 4238 dmum.
1198 4234 1204 4242 .

191 4246 305 4328 salutat
324 4265 398 4336 qut,
413 4183 617 4338 Kappuemt,
627 4245 687 4325 ejus
1134 4319 1171 4386 Β
1189 4335 1222 4398 ⁷·

1210 4356 1221 4393 0

1240 2565 1364 2645 ennom

1241 2647 1388 2703 mmm·
