3159 5267
371 382 410 468 L
461 382 503 467 0
557 378 602 467 Ν
655 384 695 471 G
749 390 773 473 1
826 389 897 475 N·
926 391 961 487 1.

147 524 315 641 Regina,
343 552 437 611 eum
451 526 662 629 accerfivit
689 552 735 613 ot
752 526 855 615 filios
866 534 949 647 ejue
961 542 1074 625 omni
1091 570 1183 631 au.

147 654 298 739 ditione
314 648 488 761 optimus
505 648 571 735 ille
589 652 772 765 magister
792 656 1013 747 imboerett
1051 668 1184 780 Hujus

151 785 269 895 igitur
293 778 452 863 hortatu
479 778 640 891 reliquit
662 778 851 887 Athenae,
886 788 929 873 δι
955 790 1182 904 Palmyram

153 910 351 993 civitatem
368 902 480 989 illam
489 905 601 989 omni
617 906 874 993 admiratione
887 912 1049 1025 dignm
1064 918 1182 1002 adiitz

152 1040 238 1125 Hic
271 1064 367 1121 cum
390 1030 601 1146 paululum
625 1034 715 1119 effet
740 1066 1016 1145 commoratus,
1048 1048 1182 1129 Zeno-

152 1164 228 1249 biae
254 1160 351 1247 aded
376 1158 540 1274 placuit,
565 1184 613 1243 ut
639 1159 754 1247 illum
781 1192 864 1249 non
888 1164 1019 1261 solum
1041 1196 1184 1281 puero-

153 1321 251 1379 rum
271 1291 312 1373 in
329 1290 444 1373 literis
463 1287 713 1393 addiscendis,
740 1290 807 1375 sed
830 1294 891 1377 sui
909 1294 1031 1379 etiam
1054 1297 1098 1381 in
1120 1326 1185 1381 te·

152 1422 230 1505 bus
256 1415 422 1531 publicis
444 1414 753 1503 adminiſtrandis
780 1420 997 1530 adjutorem
1009 1422 1083 1509 effe
1100 1422 1184 1509 rel·

155 1546 235 1633 let:
263 1540 457 1657 pdipexit
487 1539 554 1625 illa
585 1544 757 1651 Longini
782 1543 984 1655 ingenitnn
1013 1548 1108 1631 belli
1134 1576 1183 1633 ac

156 1669 264 1785 pacit
293 1667 439 1753 artibus
469 1667 612 1779 pariter
644 1668 845 1771 idoneum,
884 1672 1060 1783 viditque
1087 1702 1185 1759 eum

157 1826 242 1885 tam
259 1798 301 1879 in
316 1792 475 1881 oonfilio
499 1794 549 1877 de
572 1796 686 1879 rebus
709 1795 876 1907 publicis
895 1800 1036 1903 dando
1062 1802 1186 1913 quim

158 1931 200 2015 in
213 1911 366 2040 judicio
387 1924 436 2007 de
463 1946 641 2007 veterum
666 1922 819 2035 scriptio
842 1920 1003 2010 ferendo
1030 1926 1185 2039 saperet

158 2060 269 2143 Cum
284 2051 402 2163 igitur
419 2048 592 2133 Zenobia
609 2047 718 2131 novis
734 2048 849 2133 robur
870 2048 1050 2151 studeret,
1077 2049 1189 2135 mol·

159 2205 278 2291 taque
296 2204 368 2289 pro
388 2173 564 2257 libertate
583 2170 742 2257 suorum
768 2174 920 2257 civium
946 2198 1081 2259 nonna
1097 2178 1185 2259 Ao-

157 2306 354 2391 relianutn
377 2300 592 2399 moliretur,
633 2298 805 2407 Longini
827 2299 993 2383 consiliis
1014 2302 1085 2385 usa
1106 2302 1186 2395 este

157 2428 397 2515 Aurelianus
423 2422 489 2507 his
512 2420 678 2533 cognitis
706 2421 859 2505 bellum
888 2424 1007 2533 Syrio
1040 2424 1190 2527 intulit,

159 2578 390 2667 magnoque
414 2548 583 2634 exercitu
606 2570 754 2657 parato,
783 2548 968 2631 Zenobia
990 2551 1122 2659 copiae
1146 2552 1191 2635 in

163 2682 303 2795 fugam
328 2679 452 2777 vertit,
479 2674 679 2787 ipsamque
702 2674 743 2755 in
765 2674 863 2757 urbe
877 2674 1062 2786 Palmyra
1080 2678 1190 2763 ohte-

163 2812 251 2898 dit:
278 2804 415 2889 &inde
438 2802 632 2885 nuncium
656 2798 714 2881 illi
740 2798 858 2901 milit,
884 2802 956 2913 qui
975 2828 1023 2887 ut
1046 2804 1128 2915 ipsa
1149 2806 1190 2891 se

166 2932 376 3027 Aureliano
391 2930 555 3029 dederet,
583 2926 819 3040 poibilaret:
846 2927 919 3040 ilia
942 2928 1034 3013 werd
1059 2930 1190 3017 virile·

167 3067 322 3155 anieron
348 3060 390 3143 in
418 3056 607 3157 foentineo
631 3060 781 3169 pedore
805 3082 950 3167 guent,
976 3058 1190 3147 &auxilio

167 3190 339 3302 Longini
368 3186 552 3269 libertatis
590 3186 738 3297 semper
764 3185 1018 3271 amantiffimi
1040 3188 1108 3271 ufir
1138 3190 1190 3275 ad

167 3322 276 3407 hunc
293 3310 536 3419 modum,(ut
552 3310 708 3395 testatur
720 3310 930 3419 Vopiscus)
946 3312 1194 3422 Imperatoria

168 3444 291 3531 literis
322 3438 541 3549 respondit:
580 3436 763 3523 “Nemo
787 3434 929 3539 adhuc,
953 3462 1089 3550 prater
1114 3444 1190 3541 Te,

171 3582 201 3621 “
229 3568 335 3683 quod
350 3566 485 3679 poscis,
504 3563 626 3649 literis
644 3562 779 3675 petiit=
808 3566 951 3649 virtute
968 3564 1192 3655 faciendum

171 3710 200 3749 ‘⁶
227 3698 294 3797 est,
322 3684 514 3807 quicquid
537 3692 577 3773 in
596 3690 1190 3804 rebiubellicireilgtreodomz

172 3834 201 3874 “
230 3824 483 3909 Deditionem
506 3819 769 3931 meampetis,
795 3818 1193 3943 quafinesciarclec·
1324 3844 1353 3880 ·.

173 3964 202 4002 “
231 3979 383 4065 patram
413 3947 588 4059 reginam
616 3948 739 4057 perire
772 3934 957 4044 mniuiffe,
1002 3944 1125 4056 qudm
1149 3946 1193 4031 in

146 4088 205 4173 ,“
234 4079 407 4207 quilibet
432 4074 561 4160 vivere
591 4072 806 4185 dignitatet
850 4073 962 4156 nobie
995 4070 1197 4266 lleffiffi
