3159 5267
301 546 397 632 DE
452 536 982 649 SUBLIMITATE
1031 547 1108 631 tre.

194 720 272 806 que
291 685 430 773 flexilis
450 684 501 767 ad
523 682 815 793 digrediendum
838 690 932 767 curn
956 686 1070 768 molli
1079 686 1221 799 facili-

193 848 262 935 que
281 815 430 927 spiritu,
459 810 660 923 quomodo
679 809 865 920 (exempli
881 812 1021 921 gratid)
1037 812 1118 915 illa,
1135 842 1223 928 quae

196 941 349 1057 po'e'tice
369 936 501 1051 potids
518 938 607 1020 sunt
623 936 671 1019 de
683 937 835 1019 Latona
853 938 969 1039 dicta,
982 942 1223 1025 orationem·

194 1096 272 1179 que
290 1067 525 1162 Funebrenr,
553 1087 599 1145 ut
616 1062 743 1145 nescio
762 1090 811 1145 an
835 1065 964 1174 quivis
988 1066 1099 1169 aliur,
1126 1097 1224 1152 curn

52 1236 57 1247 ·
193 1193 451 1277 ostentatione
478 1187 708 1298 composuit
760 1188 1041 1275 Demosthenes
1064 1191 1225 1275 verdin

194 1316 418 1428 effingendis
437 1311 610 1395 moribus
636 1310 816 1395 hominum
838 1310 978 1395 infelix
993 1315 1052 1424 est,
1081 1344 1225 1427 pamm

197 1440 507 1529 fusumdicendi
532 1464 651 1549 genus
667 1436 797 1541 habet,
824 1440 990 1525 minime
1013 1443 1152 1527 flexilis
1167 1446 1227 1529 est

196 1569 258 1655 vel
277 1568 568 1653 ostentationem
593 1594 671 1678 prae
697 1568 735 1649 se
752 1567 888 1669 ferent,
916 1571 1098 1655 omnium
1113 1573 1225 1656 deni·

195 1726 274 1809 que
290 1695 400 1779 antei
415 1696 610 1779 didiorum
627 1694 860 1804 plerumque
871 1694 928 1777 est
941 1723 1086 1807 expers.
1139 1696 1224 1781 Ubi

198 1823 358 1935 quidem
375 1823 416 1905 vi
430 1844 592 1906 conatur
609 1819 686 1903 risu
703 1824 744 1904 dt
760 1821 975 1903 urbanitate
987 1822 1122 1932 plenus
1137 1824 1223 1925 effe,

194 1976 279 2033 non
297 1944 429 2058 potiris
443 1944 563 2027 risum
579 1968 722 2043 movet,
732 1943 853 2056 quim
865 1944 1059 2029 deridetur
1071 1983 1084 2043 ς
1098 1974 1225 2058 quum

199 2074 290 2159 verd
307 2072 402 2157 velit
417 2072 467 2153 ad
495 2070 743 2153 festivitatem
768 2070 890 2183 prope
912 2075 1102 2173 accedere,
1130 2097 1227 2157 tunc

198 2201 315 2285 abet
340 2194 496 2307 longiis
520 2197 654 2279 abest:
693 2198 722 2279 fi
749 2197 1034 2283 oratiunculam
1062 2197 1128 2281 ille
1153 2199 1226 2311 (fc.

201 2324 473 2436 Demosthenes)
491 2324 540 2405 de
552 2322 709 2435 Phryne
721 2322 783 2405 vel
800 2325 849 2407 de
864 2322 1117 2435 Athenogene
1133 2325 1226 2411 scri-

198 2454 367 2537 bendam
398 2448 623 2560 suscepiffet‚
669 2448 798 2533 multd
827 2452 951 2561 magis
980 2454 1226 2563 Hyperidem

199 2580 389 2689 infignern
409 2576 530 2660 videri
555 2574 709 2660 feciffet.
765 2578 838 2660 Sed
862 2577 1051 2688 quoniam
1071 2578 1226 2663 alterius

190 2711 252 2819 sc.
269 2703 471 2821 Hyperidis
487 2704 659 2806 virtutes,
685 2708 752 2791 etfi
774 2705 922 2807 multae,
949 2730 1079 2791 tamen
1096 2704 1227 2790 Subli-

1090 2860 1227 2919 matate

200 3002 244 3062 tio
265 3018 306 3082 pr.
321 2992 373 3057 nisi
396 2993 474 3077 quod
495 3015 549 3080 pro
564 2992 692 3079 §papiae
736 3001 835 3062 naturi
851 3018 913 3061 non
928 2998 1019 3063 faetus
1034 2996 1111 3062 effer.
1138 2996 1229 3080 Phry·
1257 3011 1262 3021 ·

202 3084 289 3147 hahet
309 3080 357 3143 ille
381 3084 506 3159 Φρυγὸς,
538 3080 599 3142 haet
622 3082 692 3143 verb
736 3104 773 3145 ne
788 3085 838 3145 illa
849 3086 903 3145 fait
915 3084 1046 3146 meretrix
1056 3081 1228 3164 Thespiaca,

199 3166 362 3316 ‹snpvyiert
382 3168 428 3228 cl.
443 3162 581 3306 {chaath
595 3180 693 3308 rampe
735 3167 1049 3311 ffifflfbdmhim'y
1062 3183 1094 3227 nt
1114 3166 1150 3227 ad
1166 3170 1229 3241 eja·

201 3269 358 3421 lama
376 3266 505 3409 dcycraea'rth
520 3264 695 3392 qsuelnsfrdnvi}
737 3334 775 3391 rit
788 3350 840 3413 per
853 3252 1228 3393 ιιιιῗίῗιῗιΐιιῗὲῗιῗιέοέἑ·

200 3422 282 3481 detur
306 3417 352 3476 hit
377 3412 456 3477 effee
478 3416 506 3476 Si
523 3412 694 3476 Demosthe·
737 3432 888 3499 gerenturt
904 3413 1022 3474 tandem
1037 3414 1162 3474 accusate
1174 3414 1229 3473 ina-

201 3523 255 3565 nes
277 3516 396 3563 cerame
416 3498 483 3559 esset
496 3498 616 3558 scribere
631 3516 694 3557 ora·
738 3498 860 3581 pietatit,
874 3495 989 3558 defensa
1004 3498 1035 3557 in
1055 3497 1159 3572 juditio
1173 3494 1228 3555 hait

200 3589 313 3648 tionem
333 3584 370 3645 de
388 3583 512 3666 Phryne,
533 3598 580 3641 ant
599 3580 636 3643 de
656 3582 694 3641 A·
737 3582 774 3643 ab
785 3580 941 3663 Hyperide,
954 3581 1086 3641 oratione
1100 3600 1161 3641 non
1174 3580 1229 3639 mi·

201 3670 368 3751 thenogene
402 3666 461 3749 (de
492 3664 593 3747 quibus
624 3664 693 3725 duas
737 3686 791 3727 nur
807 3666 930 3749 eleganti
948 3664 1121 3747 pulchrique
1138 3682 1228 3745 quam

202 3750 310 3835 scripsit
317 3750 476 3834 Hyperides
489 3750 635 3811 orationes
649 3770 693 3809 te·
736 3750 785 3811 illa
805 3745 864 3831 ipsa
888 3742 966 3819 effer,
986 3767 1074 3830 quam
1093 3746 1229 3809 defende·

203 3838 370 3899 ieberrintar
384 3832 536 3917 plenasque
549 3833 694 3893 earnmdi·
737 3850 798 3893 rate
819 3833 951 3893 oratorie
970 3832 1054 3913 igitur
1074 3850 1132 3913 ope
1144 3827 1227 3890 abso-
1286 3870 1295 3891 s

203 3920 288 3982 cendi
310 3922 456 3990 virtutum,
486 3916 587 3998 quibua
608 3918 695 3976 tatuit
737 3914 858 3979 lutaest.
893 3912 985 3976 Porri
999 3916 1088 3976 altera
1102 3912 1229 3990 eiusdem

203 4002 449 4081 Demosthenen),
484 3998 602 4062 inferior
628 3994 695 4059 effer
738 4000 844 4070 oratio,
863 3998 900 4060 de
919 3995 1121 4080 Athenogene,
1139 4013 1230 4078 quan·

203 4089 237 4148 in
250 4090 296 4158 iit,
316 4083 403 4167 quim
417 4084 587 4167 Hyperiden
599 4088 630 4142 dt
643 4101 697 4142 no·
739 4104 838 4165 quam,
859 4085 911 4163 (nt
930 4084 961 4141 dt
983 4082 1060 4165 prior
1075 4078 1144 4162 iila)
1165 4094 1229 4140 non

202 4188 268 4233 turn
279 4170 414 4232 omnibu·
425 4164 541 4239 fecisset,
557 4183 695 4247 quantum
740 4184 827 4236 extet,
845 4182 944 4227 tamen
965 4161 991 4223 ὶ·
1003 4165 1145 4229 verenhae
1164 4178 1230 4231 een

203 4257 346 4316 emineret
366 4252 537 4336 Hyperides,
556 4252 697 4331 quemque
741 4250 921 4330 mediocrite!
931 4248 1066 4326 leffium

204 4339 265 4427 ipse
287 4338 323 4406 ad
345 4336 414 4429 iilud
442 4336 582 4406 arationis
606 4352 698 4425 gener
930 4328 935 4338 '
1037 4390 1045 4406 ,
1146 4332 1185 4407 14.
1199 4330 1230 4399 r:

1319 542 1396 653 189
