3159 5267
386 434 427 523 L
480 438 520 523 0
573 438 619 521 Ν
671 440 714 523 G
767 439 790 521 1
843 440 891 525 N
942 443 977 525 1.
1255 482 1363 549 mv

163 612 230 696 24.
260 580 494 675 ’omno
511 578 534 667 ὅ
550 582 703 687 now:
732 578 847 692 hujus
874 582 1059 670 meminit
1073 590 1193 675 Liba.

299 708 399 807 niun,
427 706 470 787 δι
486 706 667 817 Longino
683 704 829 789 tribuit

169 860 236 949 25.
261 830 464 938 Φιλολὸγυς
483 830 655 939 Longini
675 832 771 916 citat
788 833 939 919 Auoor
957 835 1192 949 Anonymus

249 1450 297 1533 In
322 1448 1112 1541 Non1s&EMnnnnT1on1nos.

164 1610 382 1796 RObort'.
399 1624 587 1773 figniicpt
599 1627 828 1712 Editionem
839 1630 1073 1773 iiobonelli.
1117 1738 1120 1746 .

272 1756 428 1837 Manut„
446 1753 672 1837 Edinonem
690 1757 877 1839 Manuni.

164 1884 251 1967 Par.
268 1884 433 1964 MStum
451 1881 494 1963 in
510 1880 751 1965 Bibliotheci
777 1884 883 1993 regii
899 1884 1050 1967 Parifiis
1067 1886 1191 1974 serva·

165 2034 447 2221 VetninliiStum
469 2137 513 2219 in
532 2102 772 2219 Bibliotheci
794 2132 842 2226 ,8εἰ
857 2135 988 2219 Marci
1005 2136 1191 2223 Venetiis.

162 2262 303 2347 Ambr.
319 2267 486 2348 Mstum
509 2262 551 2344 in
570 2260 814 2345 Bibliotheci
830 2260 1081 2345 Ambrofiani
1098 2266 1192 2347 Me-

222 2388 382 2473 diolani.

158 2518 261 2617 Vat.
279 2518 416 2599 MStos
435 2537 509 2595 tres
528 2511 568 2591 in
585 2508 826 2595 Bibliotheci
842 2512 1032 2595 Vaticani
1045 2515 1194 2617 Romae,

217 2643 290 2752 qui
318 2640 490 2722 numeris
514 2638 656 2750 primo,
693 2634 753 2718 vel
781 2637 962 2739 secundo,
991 2638 1050 2721 vel
1079 2642 1194 2724 tertio

219 2766 518 2876 distinguuntur.

164 2893 230 2976 El.
243 2895 407 2975 MStum
427 2892 470 2971 in
486 2886 726 2973 Bibliotheci
753 2887 943 2999 Johannis
959 2891 1101 2974 Moore
1118 2918 1193 2973 nu-

220 3019 302 3130 peri
328 3016 516 3129 Episcopi
538 3016 712 3116 Elienfis‚
741 3043 846 3100 nunc
865 3015 960 3098 vero
981 3018 1022 3098 in
1044 3016 1194 3099 Biblio-

220 3142 335 3228 theci
352 3142 570 3225 Academiae
587 3141 907 3250 Cantabrigienfis
929 3142 1133 3225 servatnm.

164 3272 336 3360 Dudith.
364 3276 542 3375 MStum,
588 3274 658 3384 qui
690 3270 789 3355 olim
819 3268 982 3349 Andteae
1009 3267 1225 3350 Dudithii

223 3400 315 3502 fuit,
344 3402 383 3483 δε
410 3402 517 3511 nujus
546 3402 733 3483 variantes
757 3395 959 3479 Leniones
975 3396 1040 3475 Fr.
1057 3395 1196 3476 Portus

225 3528 412 3612 Cretenfis
442 3550 602 3641 putatur
636 3525 678 3609 in
702 3524 776 3610 suae
803 3520 994 3608 Editionis
1017 3521 1193 3629 margine
1252 3532 1259 3545 ·

223 3654 375 3742 notasse.
