3159 5267
248 398 344 485 nn
395 400 927 495 suunrnrrrnrr
974 416 1051 499 nc.
1259 405 1311 537 ἀς

139 574 240 647 rum,
268 575 349 630 non
367 548 516 647 sterilis,
543 548 727 647 eruditur,
756 548 920 633 senfibus
934 542 1162 659 abundanre

139 676 205 758 sed
222 676 416 759 maximus
434 672 651 757 'alienorum
669 676 857 759 vitiorum
875 678 1089 783 insectator,
1114 688 1167 769 ad

140 802 209 885 sua
225 802 313 887 verd
330 831 410 885 non
424 802 644 885 attendens:
662 804 811 917 quique
829 833 906 917 prae
920 806 1048 893 studio
1064 813 1165 899 sem·

140 956 210 1040 per
226 930 469 1043 concipiendi
486 956 591 1013 novos
607 934 652 1015 &
677 935 894 1045 peregrinos
918 935 1043 1019 sensus
1068 939 1165 1053 saepe

142 1058 283 1141 incidit
309 1058 352 1138 in
380 1059 418 1140 id
436 1056 549 1171 'quod
566 1058 737 1143 maxim&
757 1058 909 1142 Puerile
924 1064 1000 1145 est:
1020 1066 1164 1149 Profe-

140 1212 229 1265 ram
257 1182 348 1265 verd
374 1182 485 1293 hujus
511 1184 587 1267 viri
622 1212 748 1271 unum
777 1212 848 1269 aut
877 1186 957 1271 duo
989 1194 1162 1303 exempla,

139 1313 239 1421 quia
256 1311 422 1394 Cecilius
439 1310 620 1422 pleraque
638 1338 725 1394 ante
741 1315 976 1424 odcupavit:
1005 1314 1166 1401 laudans

142 1436 408 1529 Alexandrum
434 1466 634 1549 magnum,
663 1442 772 1540 dicit,
803 1451 830 1487 “
847 1444 932 1553 er
960 1468 1086 1529 totam
1104 1448 1166 1527 A·

142 1573 169 1616 ‘⁴
199 1564 290 1646 fiam
318 1565 420 1649 intra
454 1568 653 1676 pauciores
684 1595 805 1651 annos
838 1571 998 1683 subegit,
1043 1573 1164 1685 quim

144 1700 171 1737 “
197 1694 476 1805 Panegyricum
498 1696 714 1777 orationem
738 1696 905 1780 debello
920 1724 1053 1783 contra
1071 1706 1164 1785 Per·

142 1828 171 1867 “
198 1820 252 1903 sas
279 1821 436 1931 gerendo
468 1824 650 1905 Isocrates
680 1825 935 1934 conscripfit.'’
1001 1831 1165 1939 Egregia

141 1945 286 2028 scilicet
303 1946 531 2029 Macedonis
560 1944 663 2027 illius
691 1976 785 2029 cunr
803 1946 981 2056 sophista
1005 1976 1168 2063 compa-

141 2074 250 2155 ratio.
304 2072 564 2159 Manifestum
584 2074 639 2155 est
654 2076 773 2175 enim,
804 2078 844 2157 Ο
863 2077 1029 2176 Timaee,
1058 2078 1166 2189 qudd

140 2202 453 2285 Lacedaemonios
483 2200 560 2287 hoc
594 2202 750 2285 nomine
782 2202 956 2285 multum
983 2206 1165 2287 Isocrates

139 2324 365 2411 strenuitate
379 2326 612 2422 excellebat3
640 2330 827 2437 quoniam
844 2328 902 2408 illi
919 2330 1081 2439 quidem
1093 2332 1166 2415 tri-

138 2458 254 2565 ginta
277 2482 399 2537 annos
426 2454 468 2537 in
490 2454 743 2569 expugnandi
761 2454 930 2537 Meffene
946 2458 1167 2539 consumse-

138 2606 250 2689 runt,
298 2579 367 2663 hic
399 2602 531 2663 autem
561 2581 603 2663 in
634 2580 871 2691 Panegyricd
895 2580 978 2691 sud
1010 2582 1170 2665 oratione

139 2708 412 2821 componendi
442 2704 539 2793 solos
567 2706 712 2793 decem,
772 2706 896 2789 Porrd
922 2706 1165 2792 Athenienfi-

140 2842 214 2925 bus
237 2840 280 2920 in
306 2834 437 2918 Sicilid
464 2835 587 2945 captis
615 2863 695 2946 quo
721 2862 831 2920 more
854 2835 1043 2918 insultat?
1072 2836 1166 2921 dicit

141 2992 219 3063 eos,
263 2970 290 3029 ‘.‘
317 2958 514 3073 proptered
549 2958 657 3071 quid
685 2958 806 3073 impie
840 2959 879 3041 se
904 2959 1093 3071 geffifl‘enr
1122 2963 1165 3043 in

144 3102 171 3141 “
200 3093 403 3187 Hermem,
430 3088 472 3169 dc
488 3085 722 3170 mutildffent
735 3088 812 3197 ejus
828 3086 980 3187 fumas,
1009 3088 1061 3169 ob
1086 3086 1165 3171 hoc

143 3230 170 3273 “
200 3244 332 3333 poenas
357 3213 496 3299 dedisse
508 3253 522 3311 ;
561 3214 751 3325 precipue
781 3242 850 3323 per
880 3242 1008 3295 unum
1032 3212 1167 3296 homi-

143 3357 170 3403 “
200 3374 304 3445 nem,
330 3343 465 3458 quiex
482 3366 643 3451 paterno
661 3366 799 3451 genere
817 3339 894 3421 fuit
910 3338 1096 3421 oriundus
1118 3340 1169 3420 ab

143 3483 172 3521 ‘⁸
202 3475 271 3559 illo
287 3476 370 3556 Deo
395 3468 551 3569 violato,
579 3469 880 3551 Hermocratem
906 3463 1035 3547 filiurn
1061 3466 1167 3546 Her-

142 3614 171 3704 ξ*
201 3603 364 3694 monis.’'
405 3600 518 3684 Adeo
533 3621 579 3683 ut
595 3598 713 3679 mirer
729 3594 923 3709 equidem,
951 3594 1167 3677 suaviffinre

1011 3726 1166 3807 Teren-

144 3922 191 3965 res
209 3898 349 3981 birotum
368 3896 498 3983 legerunt
522 3905 554 3961 λὸ
588 3895 637 3959 tri·
679 3910 748 3975 quot
762 3891 882 3954 Athenis
894 3906 987 3963 erant,
1006 3890 1064 3949 uni
1081 3886 1168 3946 noete

143 3992 228 4073 ginta.
400 3992 408 4002 “
679 3978 820 4038 mutilatas
840 3972 920 4036 fuiffe
940 3976 1026 4036 refert
1037 3969 1171 4055 Thuqd.

192 4076 227 4135 L.
254 4088 302 4145 ιγ.
332 4056 543 4144 nmaiderdrr
565 4054 635 4123 uiris
677 4062 696 4126 1.
710 4072 739 4129 ⁶.
757 4062 859 4156 iiiique
872 4061 1011 4150 {ui-³950&

145 4158 217 4245 dre]
253 4160 363 4225 statuar
387 4154 528 4228 Mercurii,
555 4166 637 4237 quot·
1086 4221 1169 4299 Μ,
