3159 5267
322 498 419 585 DE
471 498 1004 595 SUBLIMITATE
1050 514 1125 597 dne.

210 642 285 726 bus
308 644 349 726 dc
376 644 714 754 praemonitionem
731 645 781 728 nd
798 646 869 756 ipfi
884 652 1091 739 crederent.
1143 651 1239 737 Vide

212 771 332 879 igitur
357 770 406 853 nd
437 769 511 853 illae
536 772 772 883 Hyperbolae
797 775 956 885 optimae
983 781 1070 881 sint,
1098 782 1170 890 (ut
1194 812 1239 866 e·

212 896 312 979 tiam
327 896 375 979 de
389 895 543 1005 Figuris
559 920 670 979 antes
686 898 888 1007 diximus),
914 931 1001 1011 qua
1015 903 1092 989 hoc
1109 906 1238 1016 ipsum

212 1022 354 1124 celant,
382 1022 489 1133 qudd
511 1022 584 1105 stnt
608 1024 856 1135 Hyperbolae.
909 1030 1004 1113 Hoc
1031 1031 1123 1114 verh
1147 1062 1238 1116 eve·
1299 1112 1308 1133 ,

213 1150 287 1248 nit,
316 1178 442 1259 quum
470 1176 548 1260 prae
570 1150 747 1231 maximo
770 1152 910 1239 affeetu
928 1154 1005 1237 illae
1021 1159 1239 1269 Hyperbolae

213 1277 521 1391 pronunciantur
549 1275 627 1359 und
654 1304 748 1359 curn
775 1281 1042 1388 magnitudine
1067 1287 1239 1394 quddam

213 1404 532 1489 circumstantiae:
567 1405 675 1515 quod
697 1404 949 1515 Thucydides
977 1406 1071 1492 facit
1099 1411 1147 1493 de
1175 1413 1237 1513 iis,

212 1533 285 1643 qui
302 1532 343 1613 in
357 1530 487 1615 Sicilid
504 1530 723 1643 perierunt:
752 1540 779 1578 “
797 1534 1021 1643 Syracusani
1036 1536 1143 1618 enim
1156 1536 1237 1644 (in-

214 1673 242 1712 “
268 1658 371 1770 quit)
398 1658 493 1744 illuc
519 1656 784 1741 descendentes
807 1658 1047 1743 trucidairunt
1070 1689 1134 1744 eos
1150 1688 1235 1773 po-

215 1800 244 1838 “
270 1786 473 1884 tiffimum,
501 1783 572 1895 qui
600 1784 642 1863 in
668 1782 789 1864 fluvio
809 1806 944 1864 mant:
973 1787 1138 1896 &aqua
1160 1787 1236 1871 sta.

215 1926 243 1965 “
271 1916 346 1997 tim
373 1913 452 1995 fuit
472 1910 698 2021 inquinata3
727 1910 791 1991 sed
808 1908 1062 1993 nihilominus
1078 1912 1236 1997 bibeba-

216 2056 243 2095 “
269 2068 335 2126 tur
351 2029 545 2147 sanguine,
570 2064 666 2118 cum
681 2035 778 2117 limo
800 2036 927 2135 fimul‚
943 2034 1151 2136 infodis&
1163 2063 1236 2148 pro

213 2182 241 2222 “
268 2170 313 2251 ed
342 2165 458 2249 multi
484 2164 742 2274 pugnabant.'’
796 2162 1044 2269 Sanguinem,
1072 2162 1236 2248 limum·

214 2324 292 2409 que
312 2315 423 2403 potos
437 2285 564 2387 fimul,
582 2284 653 2367 effe
672 2285 713 2366 id
728 2284 860 2383 etiam,
889 2311 960 2393 pro
976 2312 1057 2395 quo
1073 2287 1238 2371 dimica·

213 2446 311 2521 rent,
339 2414 522 2501 credibile
542 2412 637 2495 facit
657 2412 810 2494 summa
839 2414 898 2492 vis
924 2410 1085 2494 affestlls
1102 2416 1145 2494 dt
1159 2416 1237 2495 cir·

214 2547 455 2635 cumstantia.
511 2542 566 2623 Et
594 2539 693 2623 illud
714 2539 906 2623 Herodoti
931 2539 978 2621 de
1006 2542 1065 2639 iis,
1094 2542 1164 2653 qui
1193 2546 1236 2627 in

215 2670 493 2782 Thermopylis
520 2665 710 2779 interfebli
722 2670 830 2779 stant,
871 2665 995 2748 fimile
1021 2670 1104 2751 est:
1141 2672 1236 2752 “ln

214 2810 244 2850 “
270 2797 346 2881 hoc
370 2795 548 2907 (inquit)
577 2792 665 2877 loco
687 2794 855 2896 ¹Barbari
882 2792 1010 2901 jacula
1042 2796 1236 2881 mittentes

214 2937 243 2977 “
269 2924 560 3009 tumulaverunt
582 2920 660 3002 illos
676 2919 912 3001 defensantes
925 2920 962 3000 se
975 2919 1111 3028 gladiis
1128 2922 1236 3031 (qui-

216 3062 243 3104 “
268 3054 495 3163 bustunque
524 3074 572 3129 ex
599 3047 647 3128 iis
665 3043 791 3155 gladii
817 3044 916 3129 forte
940 3046 1068 3128 adhuc
1084 3049 1237 3156 supere-

1118 3159 1239 3267 rant)

214 3290 286 3354 ribus
298 3286 464 3371 hymeram
477 3280 582 3364 bibiffrt‚
602 3282 706 3361 mevit
746 3281 783 3342 tia
797 3280 888 3344 liceat
904 3280 976 3341 mihi
991 3280 1094 3345 addere
1106 3281 1174 3343 illud
1188 3284 1238 3342 ci-

215 3371 369 3457 nnqmse
383 3368 707 3448 mysajmaimm·
746 3366 859 3425 ceronia
884 3366 915 3423 in
949 3368 1131 3426 Amoniuma
1170 3370 1237 3443 stne

215 3478 298 3543 qum
312 3453 427 3517 videlieet
434 3449 522 3531 fitiens
533 3450 638 3512 biberen
747 3448 894 3525 charybdis
913 3464 972 3509 um
984 3466 1093 3512 voram
1114 3448 1238 3527 charyb-

257 3530 704 3615 L.15.‘tntw(enen)&e.]
746 3533 793 3592 din
810 3532 889 3594 dico?
909 3552 962 3611 qu
977 3530 1086 3611 fissit,
1100 3534 1160 3609 fair
1178 3535 1238 3593 ani·

214 3623 316 3687 Verba
344 3624 406 3683 sunt
428 3620 569 3683 Herodoti
590 3618 610 3683 l.
628 3642 657 3696 7.
681 3638 706 3681 t.
745 3616 803 3677 mat
820 3636 928 3676 mm:
951 3626 1067 3678 oceanus
1086 3618 1185 3680 mdbr
1201 3616 1239 3691 fi.-

217 3732 287 3784 225.
309 3708 357 3769 ubl
371 3706 456 3768 refert
469 3724 527 3786 quo
547 3705 639 3767 modo
652 3720 708 3763 ter-
746 3694 805 3761 dt'ar
817 3699 867 3759 vix
879 3700 987 3761 viderur
999 3716 1038 3761 ror
1052 3722 1101 3771 rer,
1114 3698 1238 3777 randis-

215 3812 333 3855 eentum
349 3791 390 3851 illi
411 3788 550 3871 spartani,
570 3790 619 3870 qui
632 3790 708 3845 Leo-
740 3781 851 3863 fimi,
877 3800 936 3843 rm
956 3784 1108 3861 distendas
1130 3786 1161 3845 in
1180 3784 1239 3845 locis

217 3876 286 3939 nidi
299 3877 369 3937 duee
377 3874 412 3935 ad
420 3873 631 3954 Thermopylas
639 3890 708 3931 con·
741 3866 846 3949 poſsm,
856 3883 915 3929 tam
927 3868 976 3929 ciel
988 3866 1117 3947 absorbm
1124 3866 1236 3947 perutile.

215 3976 369 4023 iratorum
384 3956 530 4018 Perssmm
554 3957 705 4018 exereitum
787 3948 860 4013 lbid.
881 3949 1063 4030 'Anrfiepdyhe
1087 3955 1238 4033 μαχώμ-

217 4059 387 4126 pugnarent,
408 4040 573 4103 interierint.
747 4054 803 4110 tn,
822 4032 995 4105 lateratim
1015 4034 1063 4101 irs
1075 4033 1238 4117 irdsygem

260 4130 314 4188 His
339 4126 475 4207 exemplis
496 4119 707 4205 Hyperboleh
747 4120 890 4194 mecm]
923 4127 994 4185 Haec
1006 4124 1047 4185 est
1061 4120 1147 4185 lectio
1161 4122 1235 4188 Edit.

217 4210 385 4315 :Thucydide
401 4206 593 4303 &herodoto
606 4205 708 4303 eddec-
746 4208 845 4301 prim!
858 4211 891 4273 δι
903 4212 1049 4287 lassorum
1062 4212 1125 4273 Par.
1133 4206 1237 4351 drnhyi

1291 573 1302 613 s
1330 518 1414 633 '205
