<?xml version="1.0" encoding="UTF-8"?>
<!DOCTYPE html PUBLIC "-//W3C//DTD XHTML 1.0 Transitional//EN"
    "http://www.w3.org/TR/xhtml1/DTD/xhtml1-transitional.dtd">
<html xmlns="http://www.w3.org/1999/xhtml" xml:lang="en" lang="en">
 <head>
  <title>
</title>
<meta http-equiv="Content-Type" content="text/html;charset=utf-8" />
  <meta name='ocr-system' content='tesseract 3.04.00' />
  <meta name='ocr-capabilities' content='ocr_page ocr_carea ocr_par ocr_line ocrx_word'/>
</head>
<body>
  <div class='ocr_page' id='page_1' title='image "./desublimitateco01longgoog_0093.png"; bbox 0 0 3159 5267; ppageno 0'>
   <div class='ocr_carea' id='block_1_1' title="bbox 334 451 1391 588">
    <p class='ocr_par' dir='ltr' id='par_1_1' title="bbox 334 451 1391 588">
     <span class='ocr_line' id='line_1_1' title="bbox 334 451 1391 588; baseline 0.029 -53"><span class='ocrx_word' id='word_1_1' title='bbox 334 451 430 536; x_wconf 85' lang='lat' dir='ltr'>DE</span> <span class='ocrx_word' id='word_1_2' title='bbox 488 455 1016 547; x_wconf 87' lang='lat' dir='ltr'><strong>SUBLIMITATE</strong></span> <span class='ocrx_word' id='word_1_3' title='bbox 1064 469 1137 550; x_wconf 79' lang='lat' dir='ltr'>&amp;e</span> <span class='ocrx_word' id='word_1_4' title='bbox 1343 503 1391 588; x_wconf 78' lang='lat'>53</span> 
     </span>
    </p>
   </div>
   <div class='ocr_carea' id='block_1_2' title="bbox 217 595 1247 1460">
    <p class='ocr_par' dir='ltr' id='par_1_2' title="bbox 217 595 1247 1460">
     <span class='ocr_line' id='line_1_2' title="bbox 224 595 1247 705; baseline 0.017 -24"><span class='ocrx_word' id='word_1_5' title='bbox 224 595 406 681; x_wconf 83' lang='lat' dir='ltr'>molestus</span> <span class='ocrx_word' id='word_1_6' title='bbox 431 595 582 680; x_wconf 75' lang='lat' dir='ltr'>fortuss&#39;e</span> <span class='ocrx_word' id='word_1_7' title='bbox 609 601 750 700; x_wconf 84' lang='lat' dir='ltr'>videar,</span> <span class='ocrx_word' id='word_1_8' title='bbox 779 607 916 705; x_wconf 84' lang='lat' dir='ltr'>amioe,</span> <span class='ocrx_word' id='word_1_9' title='bbox 955 609 983 689; x_wconf 89' lang='lat' dir='ltr'>fi</span> <span class='ocrx_word' id='word_1_10' title='bbox 1012 641 1139 694; x_wconf 88' lang='lat' dir='ltr'>unum</span> <span class='ocrx_word' id='word_1_11' title='bbox 1162 645 1247 698; x_wconf 87' lang='lat' dir='ltr'>am-</span> 
     </span>
     <span class='ocr_line' id='line_1_3' title="bbox 225 724 1246 846; baseline 0.023 -43"><span class='ocrx_word' id='word_1_12' title='bbox 225 724 328 832; x_wconf 86' lang='lat' dir='ltr'>plius</span> <span class='ocrx_word' id='word_1_13' title='bbox 344 725 455 808; x_wconf 85' lang='lat' dir='ltr'><em>locum</em></span> <span class='ocrx_word' id='word_1_14' title='bbox 473 726 599 808; x_wconf 79' lang='lat' dir='ltr'>Poetae</span> <span class='ocrx_word' id='word_1_15' title='bbox 612 729 671 838; x_wconf 87' lang='lat' dir='ltr'>sc</span> <span class='ocrx_word' id='word_1_16' title='bbox 689 729 845 811; x_wconf 80' lang='lat' dir='ltr'>Homeri</span> <span class='ocrx_word' id='word_1_17' title='bbox 859 732 905 812; x_wconf 91' lang='lat' dir='ltr'>de</span> <span class='ocrx_word' id='word_1_18' title='bbox 922 733 981 832; x_wconf 88' lang='lat' dir='ltr'>iis,</span> <span class='ocrx_word' id='word_1_19' title='bbox 1001 765 1088 846; x_wconf 82' lang='lat' dir='ltr'>quae</span> <span class='ocrx_word' id='word_1_20' title='bbox 1106 745 1156 822; x_wconf 85' lang='lat' dir='ltr'>ad</span> <span class='ocrx_word' id='word_1_21' title='bbox 1173 741 1246 826; x_wconf 92' lang='lat' dir='ltr'>ho-</span> 
     </span>
     <span class='ocr_line' id='line_1_4' title="bbox 224 849 1245 972; baseline 0.022 -43"><span class='ocrx_word' id='word_1_22' title='bbox 224 849 347 930; x_wconf 79' lang='lat' dir='ltr'>mines</span> <span class='ocrx_word' id='word_1_23' title='bbox 361 850 564 961; x_wconf 83' lang='lat' dir='ltr'>pertinent,</span> <span class='ocrx_word' id='word_1_24' title='bbox 592 879 822 963; x_wconf 86' lang='lat' dir='ltr'>proponam,</span> <span class='ocrx_word' id='word_1_25' title='bbox 849 881 895 937; x_wconf 95' lang='lat' dir='ltr'>ut</span> <span class='ocrx_word' id='word_1_26' title='bbox 911 859 1030 941; x_wconf 81' lang='lat' dir='ltr'>diseas</span> <span class='ocrx_word' id='word_1_27' title='bbox 1045 871 1245 972; x_wconf 88' lang='lat' dir='ltr'>quomodo</span> 
     </span>
     <span class='ocr_line' id='line_1_5' title="bbox 223 973 1244 1091; baseline 0.02 -38"><span class='ocrx_word' id='word_1_28' title='bbox 223 973 444 1057; x_wconf 69' lang='lat' dir='ltr'>assuefaciat</span> <span class='ocrx_word' id='word_1_29' title='bbox 468 1003 527 1058; x_wconf 87' lang='lat' dir='ltr'>nos</span> <span class='ocrx_word' id='word_1_30' title='bbox 559 977 691 1062; x_wconf 88' lang='lat' dir='ltr'>secum</span> <span class='ocrx_word' id='word_1_31' title='bbox 716 979 794 1062; x_wconf 72' lang='lat' dir='ltr'>unit</span> <span class='ocrx_word' id='word_1_32' title='bbox 817 981 963 1091; x_wconf 83' lang='lat' dir='ltr'>ingredi</span> <span class='ocrx_word' id='word_1_33' title='bbox 989 983 1030 1064; x_wconf 92' lang='lat' dir='ltr'>in</span> <span class='ocrx_word' id='word_1_34' title='bbox 1055 986 1244 1072; x_wconf 78' lang='lat' dir='ltr'>sublimia</span> 
     </span>
     <span class='ocr_line' id='line_1_6' title="bbox 220 1097 1242 1221; baseline 0.018 -42"><span class='ocrx_word' id='word_1_35' title='bbox 220 1097 393 1185; x_wconf 81' lang='lat' dir='ltr'>heroica.</span> <span class='ocrx_word' id='word_1_36' title='bbox 430 1105 565 1214; x_wconf 86' lang='lat' dir='ltr'>Caligo</span> <span class='ocrx_word' id='word_1_37' title='bbox 583 1109 794 1216; x_wconf 84' lang='lat' dir='ltr'>repente&amp;</span> <span class='ocrx_word' id='word_1_38' title='bbox 811 1135 890 1188; x_wconf 85' lang='lat' dir='ltr'>nox</span> <span class='ocrx_word' id='word_1_39' title='bbox 913 1109 1047 1217; x_wconf 83' lang='lat' dir='ltr'>ignava</span> <span class='ocrx_word' id='word_1_40' title='bbox 1063 1116 1167 1221; x_wconf 82' lang='lat' dir='ltr'>apud</span> <span class='ocrx_word' id='word_1_41' title='bbox 1191 1117 1242 1197; x_wconf 89' lang='lat' dir='ltr'>il-</span> 
     </span>
     <span class='ocr_line' id='line_1_7' title="bbox 222 1224 1240 1349; baseline 0.021 -43"><span class='ocrx_word' id='word_1_42' title='bbox 222 1224 310 1307; x_wconf 92' lang='lat' dir='ltr'>lum</span> <span class='ocrx_word' id='word_1_43' title='bbox 328 1228 473 1314; x_wconf 90' lang='lat' dir='ltr'>inhibet</span> <span class='ocrx_word' id='word_1_44' title='bbox 498 1259 671 1342; x_wconf 80' lang='lat' dir='ltr'>pugnam</span> <span class='ocrx_word' id='word_1_45' title='bbox 697 1237 950 1322; x_wconf 74' lang='lat' dir='ltr'>Graecorum:</span> <span class='ocrx_word' id='word_1_46' title='bbox 979 1235 1047 1323; x_wconf 80' lang='lat' dir='ltr'>hic</span> <span class='ocrx_word' id='word_1_47' title='bbox 1060 1241 1157 1349; x_wconf 81' lang='lat' dir='ltr'>Ajax</span> <span class='ocrx_word' id='word_1_48' title='bbox 1177 1245 1240 1326; x_wconf 91' lang='lat' dir='ltr'>in-</span> 
     </span>
     <span class='ocr_line' id='line_1_8' title="bbox 217 1357 523 1460; baseline 0.01 -24"><span class='ocrx_word' id='word_1_49' title='bbox 217 1378 345 1436; x_wconf 86' lang='lat' dir='ltr'>certus</span> <span class='ocrx_word' id='word_1_50' title='bbox 365 1357 523 1460; x_wconf 84' lang='lat' dir='ltr'>confilii,</span> 
     </span>
    </p>
   </div>
   <div class='ocr_carea' id='block_1_3' title="bbox 272 1517 1239 1728">
    <p class='ocr_par' dir='ltr' id='par_1_3' title="bbox 272 1517 1239 1728">
     <span class='ocr_line' id='line_1_9' title="bbox 272 1517 1239 1634; baseline 0.006 -34"><span class='ocrx_word' id='word_1_51' title='bbox 272 1517 397 1616; x_wconf 71' lang='lat' dir='ltr'>Atta,</span> <span class='ocrx_word' id='word_1_52' title='bbox 427 1517 600 1629; x_wconf 84' lang='lat' dir='ltr'>Jupiter,</span> <span class='ocrx_word' id='word_1_53' title='bbox 630 1521 805 1632; x_wconf 83' lang='lat' dir='ltr'>(inquit),</span> <span class='ocrx_word' id='word_1_54' title='bbox 833 1519 949 1604; x_wconf 83' lang='lat' dir='ltr'>libera</span> <span class='ocrx_word' id='word_1_55' title='bbox 967 1520 993 1602; x_wconf 76' lang='lat' dir='ltr'>ci</span> <span class='ocrx_word' id='word_1_56' title='bbox 1012 1523 1168 1634; x_wconf 84' lang='lat' dir='ltr'>caligine</span> <span class='ocrx_word' id='word_1_57' title='bbox 1177 1529 1239 1634; x_wconf 51' lang='lat' dir='ltr'>fig</span> 
     </span>
     <span class='ocr_line' id='line_1_10' title="bbox 378 1641 710 1728; baseline 0.012 -6"><span class='ocrx_word' id='word_1_58' title='bbox 378 1641 443 1722; x_wconf 87' lang='lat' dir='ltr'>lios</span> <span class='ocrx_word' id='word_1_59' title='bbox 459 1645 710 1728; x_wconf 85' lang='lat' dir='ltr'>Achivorum:</span> 
     </span>
    </p>
   </div>
   <div class='ocr_carea' id='block_1_4' title="bbox 269 1769 1122 2007">
    <p class='ocr_par' dir='ltr' id='par_1_4' title="bbox 269 1769 1122 2007">
     <span class='ocr_line' id='line_1_11' title="bbox 269 1769 1122 1889; baseline 0.011 -39"><span class='ocrx_word' id='word_1_60' title='bbox 269 1769 325 1850; x_wconf 86' lang='lat' dir='ltr'>Et</span> <span class='ocrx_word' id='word_1_61' title='bbox 337 1770 415 1878; x_wconf 86' lang='lat' dir='ltr'>sac</span> <span class='ocrx_word' id='word_1_62' title='bbox 428 1769 681 1872; x_wconf 82' lang='lat' dir='ltr'>serenitatem,</span> <span class='ocrx_word' id='word_1_63' title='bbox 711 1771 826 1889; x_wconf 86' lang='lat' dir='ltr'>daque</span> <span class='ocrx_word' id='word_1_64' title='bbox 842 1773 950 1858; x_wconf 87' lang='lat' dir='ltr'>oculis</span> <span class='ocrx_word' id='word_1_65' title='bbox 966 1774 1122 1876; x_wconf 68' lang='lat' dir='ltr'>videre,</span> 
     </span>
     <span class='ocr_line' id='line_1_12' title="bbox 270 1892 738 2007; baseline 0.024 -37"><span class='ocrx_word' id='word_1_66' title='bbox 270 1893 319 1970; x_wconf 89' lang='lat' dir='ltr'>In</span> <span class='ocrx_word' id='word_1_67' title='bbox 333 1892 411 1974; x_wconf 83' lang='lat' dir='ltr'>luce</span> <span class='ocrx_word' id='word_1_68' title='bbox 429 1894 516 1976; x_wconf 75' lang='lat' dir='ltr'>veri</span> <span class='ocrx_word' id='word_1_69' title='bbox 533 1894 598 1976; x_wconf 86' lang='lat' dir='ltr'>vel</span> <span class='ocrx_word' id='word_1_70' title='bbox 613 1897 738 2007; x_wconf 82' lang='lat' dir='ltr'>perde.</span> 
     </span>
    </p>
   </div>
   <div class='ocr_carea' id='block_1_5' title="bbox 209 2051 1236 3487">
    <p class='ocr_par' dir='ltr' id='par_1_5' title="bbox 209 2051 1236 3050">
     <span class='ocr_line' id='line_1_13' title="bbox 214 2051 1231 2168; baseline 0.01 -37"><span class='ocrx_word' id='word_1_71' title='bbox 214 2051 285 2133; x_wconf 86' lang='lat' dir='ltr'>Est</span> <span class='ocrx_word' id='word_1_72' title='bbox 301 2052 429 2135; x_wconf 72' lang='lat' dir='ltr'>reveri</span> <span class='ocrx_word' id='word_1_73' title='bbox 448 2055 603 2138; x_wconf 58' lang='lat' dir='ltr'>affeetus</span> <span class='ocrx_word' id='word_1_74' title='bbox 625 2057 750 2166; x_wconf 82' lang='lat' dir='ltr'>Ajacis</span> <span class='ocrx_word' id='word_1_75' title='bbox 760 2095 773 2152; x_wconf 81' lang='lat'>3</span> <span class='ocrx_word' id='word_1_76' title='bbox 801 2087 881 2139; x_wconf 89' lang='lat' dir='ltr'>non</span> <span class='ocrx_word' id='word_1_77' title='bbox 909 2060 1018 2140; x_wconf 88' lang='lat' dir='ltr'>enirn</span> <span class='ocrx_word' id='word_1_78' title='bbox 1039 2083 1149 2168; x_wconf 87' lang='lat' dir='ltr'>optat</span> <span class='ocrx_word' id='word_1_79' title='bbox 1171 2063 1231 2141; x_wconf 85' lang='lat' dir='ltr'>vi·</span> 
     </span>
     <span class='ocr_line' id='line_1_14' title="bbox 214 2177 1236 2296; baseline 0.011 -39"><span class='ocrx_word' id='word_1_80' title='bbox 214 2205 313 2278; x_wconf 84' lang='lat' dir='ltr'>vere,</span> <span class='ocrx_word' id='word_1_81' title='bbox 332 2177 436 2286; x_wconf 86' lang='lat' dir='ltr'>(haec</span> <span class='ocrx_word' id='word_1_82' title='bbox 452 2181 559 2264; x_wconf 87' lang='lat' dir='ltr'>enim</span> <span class='ocrx_word' id='word_1_83' title='bbox 577 2183 712 2292; x_wconf 87' lang='lat' dir='ltr'>petitio</span> <span class='ocrx_word' id='word_1_84' title='bbox 728 2181 817 2264; x_wconf 85' lang='lat' dir='ltr'>effer</span> <span class='ocrx_word' id='word_1_85' title='bbox 834 2184 1012 2287; x_wconf 63' lang='lat' dir='ltr'>abjectior</span> <span class='ocrx_word' id='word_1_86' title='bbox 1028 2185 1148 2296; x_wconf 74' lang='lat' dir='ltr'>quim</span> <span class='ocrx_word' id='word_1_87' title='bbox 1164 2188 1236 2268; x_wconf 84' lang='lat' dir='ltr'>de-</span> 
     </span>
     <span class='ocr_line' id='line_1_15' title="bbox 213 2306 1231 2418; baseline 0.009 -32"><span class='ocrx_word' id='word_1_88' title='bbox 213 2331 275 2387; x_wconf 88' lang='lat' dir='ltr'>cet</span> <span class='ocrx_word' id='word_1_89' title='bbox 300 2306 472 2416; x_wconf 80' lang='lat' dir='ltr'>heroa):</span> <span class='ocrx_word' id='word_1_90' title='bbox 511 2308 586 2409; x_wconf 91' lang='lat' dir='ltr'>sed,</span> <span class='ocrx_word' id='word_1_91' title='bbox 614 2337 708 2392; x_wconf 87' lang='lat' dir='ltr'>curn</span> <span class='ocrx_word' id='word_1_92' title='bbox 732 2311 771 2389; x_wconf 93' lang='lat' dir='ltr'>in</span> <span class='ocrx_word' id='word_1_93' title='bbox 790 2311 953 2392; x_wconf 85' lang='lat' dir='ltr'>tenebris</span> <span class='ocrx_word' id='word_1_94' title='bbox 976 2313 1123 2418; x_wconf 80' lang='lat' dir='ltr'>ignavis</span> <span class='ocrx_word' id='word_1_95' title='bbox 1149 2341 1231 2395; x_wconf 91' lang='lat' dir='ltr'>non</span> 
     </span>
     <span class='ocr_line' id='line_1_16' title="bbox 213 2434 1231 2543; baseline 0.009 -31"><span class='ocrx_word' id='word_1_96' title='bbox 213 2435 344 2542; x_wconf 90' lang='lat' dir='ltr'>potuit</span> <span class='ocrx_word' id='word_1_97' title='bbox 355 2435 434 2539; x_wconf 69' lang='lat' dir='ltr'>sud</span> <span class='ocrx_word' id='word_1_98' title='bbox 459 2434 685 2518; x_wconf 88' lang='lat' dir='ltr'>fortitudine</span> <span class='ocrx_word' id='word_1_99' title='bbox 708 2437 757 2518; x_wconf 87' lang='lat' dir='ltr'>ad</span> <span class='ocrx_word' id='word_1_100' title='bbox 774 2437 998 2543; x_wconf 86' lang='lat' dir='ltr'>generosum</span> <span class='ocrx_word' id='word_1_101' title='bbox 1020 2437 1150 2520; x_wconf 88' lang='lat' dir='ltr'>ulium</span> <span class='ocrx_word' id='word_1_102' title='bbox 1171 2439 1231 2520; x_wconf 78' lang='lat' dir='ltr'>fa-</span> 
     </span>
     <span class='ocr_line' id='line_1_17' title="bbox 213 2563 1231 2675; baseline 0.002 -31"><span class='ocrx_word' id='word_1_103' title='bbox 213 2563 325 2644; x_wconf 84' lang='lat' dir='ltr'>cinus</span> <span class='ocrx_word' id='word_1_104' title='bbox 340 2565 409 2664; x_wconf 91' lang='lat' dir='ltr'>uti,</span> <span class='ocrx_word' id='word_1_105' title='bbox 427 2565 624 2675; x_wconf 73' lang='lat' dir='ltr'>propterei</span> <span class='ocrx_word' id='word_1_106' title='bbox 642 2566 844 2674; x_wconf 84' lang='lat' dir='ltr'>indignans</span> <span class='ocrx_word' id='word_1_107' title='bbox 860 2565 897 2646; x_wconf 87' lang='lat' dir='ltr'>se</span> <span class='ocrx_word' id='word_1_108' title='bbox 913 2565 963 2645; x_wconf 85' lang='lat' dir='ltr'>ad</span> <span class='ocrx_word' id='word_1_109' title='bbox 979 2590 1152 2673; x_wconf 84' lang='lat' dir='ltr'>pugnam</span> <span class='ocrx_word' id='word_1_110' title='bbox 1169 2564 1231 2646; x_wconf 83' lang='lat' dir='ltr'>in-</span> 
     </span>
     <span class='ocr_line' id='line_1_18' title="bbox 212 2688 1231 2802; baseline 0.002 -32"><span class='ocrx_word' id='word_1_111' title='bbox 212 2688 350 2773; x_wconf 85' lang='lat' dir='ltr'>utilem</span> <span class='ocrx_word' id='word_1_112' title='bbox 374 2689 457 2790; x_wconf 83' lang='lat' dir='ltr'>effe,</span> <span class='ocrx_word' id='word_1_113' title='bbox 485 2690 612 2774; x_wconf 85' lang='lat' dir='ltr'>lucem</span> <span class='ocrx_word' id='word_1_114' title='bbox 629 2692 749 2802; x_wconf 73' lang='lat' dir='ltr'>quim</span> <span class='ocrx_word' id='word_1_115' title='bbox 778 2692 954 2801; x_wconf 89' lang='lat' dir='ltr'>primurn</span> <span class='ocrx_word' id='word_1_116' title='bbox 980 2689 1076 2770; x_wconf 86' lang='lat' dir='ltr'>oriri</span> <span class='ocrx_word' id='word_1_117' title='bbox 1097 2717 1231 2799; x_wconf 87' lang='lat' dir='ltr'>preca-</span> 
     </span>
     <span class='ocr_line' id='line_1_19' title="bbox 209 2815 1229 2940; baseline -0.018 -23"><span class='ocrx_word' id='word_1_118' title='bbox 209 2837 286 2916; x_wconf 89' lang='lat' dir='ltr'>tur,</span> <span class='ocrx_word' id='word_1_119' title='bbox 314 2841 501 2940; x_wconf 79' lang='lat' dir='ltr'>tanquam</span> <span class='ocrx_word' id='word_1_120' title='bbox 529 2821 691 2912; x_wconf 82' lang='lat' dir='ltr'>omnino</span> <span class='ocrx_word' id='word_1_121' title='bbox 715 2818 755 2910; x_wconf 78' lang='lat' dir='ltr'>in</span> <span class='ocrx_word' id='word_1_122' title='bbox 783 2819 830 2905; x_wconf 74' lang='lat' dir='ltr'>et</span> <span class='ocrx_word' id='word_1_123' title='bbox 858 2820 1083 2904; x_wconf 81' lang='lat' dir='ltr'>inventurus</span> <span class='ocrx_word' id='word_1_124' title='bbox 1111 2815 1229 2900; x_wconf 86' lang='lat' dir='ltr'>funus</span> 
     </span>
     <span class='ocr_line' id='line_1_20' title="bbox 1065 2943 1229 3050; baseline -0.018 -22"><span class='ocrx_word' id='word_1_125' title='bbox 1065 2943 1229 3050; x_wconf 89' lang='lat' dir='ltr'>dignum</span> 
     </span>
    </p>

    <p class='ocr_par' dir='ltr' id='par_1_6' title="bbox 209 3071 1229 3400">
     <span class='ocr_line' id='line_1_21' title="bbox 209 3071 1228 3158; baseline -0.004 -22"><span class='ocrx_word' id='word_1_126' title='bbox 209 3083 266 3136; x_wconf 83' lang='lat' dir='ltr'>Nec</span> <span class='ocrx_word' id='word_1_127' title='bbox 280 3073 362 3146; x_wconf 69' lang='lat' dir='ltr'>tetrrm</span> <span class='ocrx_word' id='word_1_128' title='bbox 386 3073 470 3150; x_wconf 74' lang='lat' dir='ltr'>timeo,</span> <span class='ocrx_word' id='word_1_129' title='bbox 488 3073 565 3156; x_wconf 72' lang='lat' dir='ltr'>&#39;gentes</span> <span class='ocrx_word' id='word_1_130' title='bbox 578 3073 611 3158; x_wconf 68' lang='lat' dir='ltr'>est</span> <span class='ocrx_word' id='word_1_131' title='bbox 626 3074 698 3153; x_wconf 80' lang='lat' dir='ltr'>mise-</span> <span class='ocrx_word' id='word_1_132' title='bbox 738 3074 843 3136; x_wconf 80' lang='lat' dir='ltr'>limitet</span> <span class='ocrx_word' id='word_1_133' title='bbox 859 3092 920 3134; x_wconf 83' lang='lat' dir='ltr'>non</span> <span class='ocrx_word' id='word_1_134' title='bbox 935 3091 1021 3134; x_wconf 82' lang='lat' dir='ltr'>exeo</span> <span class='ocrx_word' id='word_1_135' title='bbox 1033 3073 1134 3141; x_wconf 86' lang='lat' dir='ltr'>oritur,</span> <span class='ocrx_word' id='word_1_136' title='bbox 1147 3071 1228 3150; x_wconf 65' lang='lat' dir='ltr'>quid</span> 
     </span>
     <span class='ocr_line' id='line_1_22' title="bbox 261 3155 1229 3240; baseline -0.002 -22"><span class='ocrx_word' id='word_1_137' title='bbox 261 3203 275 3218; x_wconf 41' lang='lat' dir='ltr'><em>f</em></span> <span class='ocrx_word' id='word_1_138' title='bbox 331 3157 410 3220; x_wconf 75' lang='lat' dir='ltr'>rabin</span> <span class='ocrx_word' id='word_1_139' title='bbox 419 3159 480 3220; x_wconf 80' lang='lat' dir='ltr'>ierit</span> <span class='ocrx_word' id='word_1_140' title='bbox 738 3178 828 3240; x_wconf 79' lang='lat' dir='ltr'>genus</span> <span class='ocrx_word' id='word_1_141' title='bbox 852 3158 933 3225; x_wconf 86' lang='lat' dir='ltr'>lethi,</span> <span class='ocrx_word' id='word_1_142' title='bbox 962 3176 1067 3237; x_wconf 82' lang='lat' dir='ltr'>nempe</span> <span class='ocrx_word' id='word_1_143' title='bbox 1092 3155 1229 3216; x_wconf 84' lang='lat' dir='ltr'>tenebro-</span> 
     </span>
     <span class='ocr_line' id='line_1_23' title="bbox 248 3237 1228 3320; baseline -0.005 -18"><span class='ocrx_word' id='word_1_144' title='bbox 248 3243 354 3306; x_wconf 70' lang='lat' dir='ltr'>uentu</span> <span class='ocrx_word' id='word_1_145' title='bbox 368 3243 543 3320; x_wconf 76' lang='lat' dir='ltr'>naufragium,</span> <span class='ocrx_word' id='word_1_146' title='bbox 556 3261 624 3303; x_wconf 84' lang='lat' dir='ltr'>mort</span> <span class='ocrx_word' id='word_1_147' title='bbox 635 3241 699 3305; x_wconf 85' lang='lat' dir='ltr'>mibi</span> <span class='ocrx_word' id='word_1_148' title='bbox 738 3243 810 3309; x_wconf 82' lang='lat' dir='ltr'>sum,</span> <span class='ocrx_word' id='word_1_149' title='bbox 831 3258 981 3308; x_wconf 83' lang='lat' dir='ltr'>metueret,</span> <span class='ocrx_word' id='word_1_150' title='bbox 999 3259 1054 3298; x_wconf 85' lang='lat' dir='ltr'>nec</span> <span class='ocrx_word' id='word_1_151' title='bbox 1077 3237 1155 3319; x_wconf 79' lang='lat' dir='ltr'>quod</span> <span class='ocrx_word' id='word_1_152' title='bbox 1176 3243 1228 3308; x_wconf 88' lang='lat' dir='ltr'>Jo-</span> 
     </span>
     <span class='ocr_line' id='line_1_24' title="bbox 334 3319 1224 3400; baseline -0.013 -9"><span class='ocrx_word' id='word_1_153' title='bbox 334 3329 495 3392; x_wconf 74' lang='lat' dir='ltr'>meuserit.</span> <span class='ocrx_word' id='word_1_154' title='bbox 739 3325 783 3384; x_wconf 85' lang='lat' dir='ltr'>vis</span> <span class='ocrx_word' id='word_1_155' title='bbox 803 3341 890 3382; x_wconf 81' lang='lat' dir='ltr'>manu</span> <span class='ocrx_word' id='word_1_156' title='bbox 916 3323 1006 3400; x_wconf 85' lang='lat' dir='ltr'>perire</span> <span class='ocrx_word' id='word_1_157' title='bbox 1024 3319 1145 3379; x_wconf 76' lang='lat' dir='ltr'>mallet:</span> <span class='ocrx_word' id='word_1_158' title='bbox 1176 3319 1224 3379; x_wconf 89' lang='lat' dir='ltr'>sed</span> 
     </span>
    </p>

    <p class='ocr_par' dir='ltr' id='par_1_7' title="bbox 737 3401 1226 3487">
     <span class='ocr_line' id='line_1_25' title="bbox 737 3401 1226 3487; baseline -0.004 -25"><span class='ocrx_word' id='word_1_159' title='bbox 737 3405 829 3487; x_wconf 66' lang='lat' dir='ltr'>quid,</span> <span class='ocrx_word' id='word_1_160' title='bbox 849 3423 914 3463; x_wconf 84' lang='lat' dir='ltr'>cum</span> <span class='ocrx_word' id='word_1_161' title='bbox 925 3403 956 3462; x_wconf 90' lang='lat' dir='ltr'>in</span> <span class='ocrx_word' id='word_1_162' title='bbox 970 3403 1003 3461; x_wconf 76' lang='lat' dir='ltr'>iis</span> <span class='ocrx_word' id='word_1_163' title='bbox 1014 3401 1150 3470; x_wconf 75' lang='lat' dir='ltr'>tenebris,</span> <span class='ocrx_word' id='word_1_164' title='bbox 1163 3419 1226 3480; x_wconf 71' lang='lat' dir='ltr'>qu:</span> 
     </span>
    </p>
   </div>
   <div class='ocr_carea' id='block_1_6' title="bbox 204 3485 1229 4319">
    <p class='ocr_par' dir='ltr' id='par_1_8' title="bbox 209 3485 1229 3824">
     <span class='ocr_line' id='line_1_26' title="bbox 210 3485 1229 3571; baseline -0.006 -23"><span class='ocrx_word' id='word_1_165' title='bbox 210 3489 292 3549; x_wconf 77' lang='lat' dir='ltr'>Alter</span> <span class='ocrx_word' id='word_1_166' title='bbox 317 3489 389 3550; x_wconf 72' lang='lat' dir='ltr'>vetti</span> <span class='ocrx_word' id='word_1_167' title='bbox 417 3489 532 3571; x_wconf 81' lang='lat' dir='ltr'>protulit</span> <span class='ocrx_word' id='word_1_168' title='bbox 553 3490 592 3560; x_wconf 85' lang='lat' dir='ltr'>id,</span> <span class='ocrx_word' id='word_1_169' title='bbox 620 3489 697 3568; x_wconf 86' lang='lat' dir='ltr'>quod</span> <span class='ocrx_word' id='word_1_170' title='bbox 737 3507 805 3548; x_wconf 86' lang='lat' dir='ltr'>tunc</span> <span class='ocrx_word' id='word_1_171' title='bbox 826 3487 978 3551; x_wconf 70' lang='lat' dir='ltr'>exercitent</span> <span class='ocrx_word' id='word_1_172' title='bbox 990 3489 1154 3545; x_wconf 70' lang='lat' dir='ltr'>(trecorum</span> <span class='ocrx_word' id='word_1_173' title='bbox 1177 3485 1229 3542; x_wconf 83' lang='lat' dir='ltr'>eir-</span> 
     </span>
     <span class='ocr_line' id='line_1_27' title="bbox 209 3563 1229 3656; baseline -0.005 -25"><span class='ocrx_word' id='word_1_174' title='bbox 209 3573 278 3632; x_wconf 79' lang='lat' dir='ltr'>ditit</span> <span class='ocrx_word' id='word_1_175' title='bbox 289 3573 472 3656; x_wconf 56' lang='lat' dir='ltr'>Tellurem</span> <span class='ocrx_word' id='word_1_176' title='bbox 485 3573 571 3640; x_wconf 83' lang='lat' dir='ltr'>ovid.</span> <span class='ocrx_word' id='word_1_177' title='bbox 579 3575 696 3638; x_wconf 81' lang='lat' dir='ltr'>Metam.</span> <span class='ocrx_word' id='word_1_178' title='bbox 737 3570 943 3638; x_wconf 82' lang='lat' dir='ltr'>cumdedetint,</span> <span class='ocrx_word' id='word_1_179' title='bbox 969 3588 1031 3630; x_wconf 86' lang='lat' dir='ltr'>non</span> <span class='ocrx_word' id='word_1_180' title='bbox 1049 3563 1140 3650; x_wconf 70' lang='lat' dir='ltr'>posset</span> <span class='ocrx_word' id='word_1_181' title='bbox 1157 3566 1229 3627; x_wconf 76' lang='lat' dir='ltr'>rire·</span> 
     </span>
     <span class='ocr_line' id='line_1_28' title="bbox 209 3650 1227 3733; baseline -0.018 -7"><span class='ocrx_word' id='word_1_182' title='bbox 209 3656 231 3726; x_wconf 67' lang='grc' dir='ltr'>Ι.</span> <span class='ocrx_word' id='word_1_183' title='bbox 247 3677 275 3721; x_wconf 86' lang='lat'>²·</span> <span class='ocrx_word' id='word_1_184' title='bbox 737 3675 827 3715; x_wconf 87' lang='lat' dir='ltr'>nuum</span> <span class='ocrx_word' id='word_1_185' title='bbox 849 3653 879 3715; x_wconf 90' lang='lat' dir='ltr'>se</span> <span class='ocrx_word' id='word_1_186' title='bbox 904 3651 1066 3733; x_wconf 85' lang='lat' dir='ltr'>fortemque</span> <span class='ocrx_word' id='word_1_187' title='bbox 1096 3650 1227 3732; x_wconf 73' lang='lat' dir='ltr'>prestere</span> 
     </span>
     <span class='ocr_line' id='line_1_29' title="bbox 289 3732 1226 3824; baseline -0.013 -21"><span class='ocrx_word' id='word_1_188' title='bbox 289 3775 362 3794; x_wconf 88' lang='lat'><em>-·-·-</em></span> <span class='ocrx_word' id='word_1_189' title='bbox 374 3745 459 3805; x_wconf 76' lang='lat' dir='ltr'>Liceet</span> <span class='ocrx_word' id='word_1_190' title='bbox 466 3741 583 3824; x_wconf 69' lang='lat' dir='ltr'>periture</span> <span class='ocrx_word' id='word_1_191' title='bbox 597 3738 697 3800; x_wconf 72' lang='lat' dir='ltr'>viribus</span> <span class='ocrx_word' id='word_1_192' title='bbox 737 3739 846 3820; x_wconf 73' lang='lat' dir='ltr'>(caligo</span> <span class='ocrx_word' id='word_1_193' title='bbox 860 3739 938 3797; x_wconf 83' lang='lat' dir='ltr'>enim</span> <span class='ocrx_word' id='word_1_194' title='bbox 949 3737 997 3798; x_wconf 80' lang='lat' dir='ltr'>itta</span> <span class='ocrx_word' id='word_1_195' title='bbox 1010 3736 1158 3817; x_wconf 77' lang='lat' dir='ltr'>repentina</span> <span class='ocrx_word' id='word_1_196' title='bbox 1170 3732 1226 3791; x_wconf 84' lang='lat' dir='ltr'>ob·</span> 
     </span>
    </p>

    <p class='ocr_par' dir='ltr' id='par_1_9' title="bbox 330 3814 1225 3904">
     <span class='ocr_line' id='line_1_30' title="bbox 330 3814 1225 3904; baseline -0.021 -14"><span class='ocrx_word' id='word_1_197' title='bbox 330 3829 393 3904; x_wconf 76' lang='lat' dir='ltr'>ignis</span> <span class='ocrx_word' id='word_1_198' title='bbox 736 3821 804 3883; x_wconf 80' lang='lat' dir='ltr'>stitit</span> <span class='ocrx_word' id='word_1_199' title='bbox 815 3821 870 3880; x_wconf 79' lang='lat' dir='ltr'>suae</span> <span class='ocrx_word' id='word_1_200' title='bbox 884 3819 1038 3894; x_wconf 69' lang='lat' dir='ltr'>nistoriae),</span> <span class='ocrx_word' id='word_1_201' title='bbox 1058 3831 1170 3897; x_wconf 78' lang='lat' dir='ltr'>opteret</span> <span class='ocrx_word' id='word_1_202' title='bbox 1182 3814 1225 3873; x_wconf 87' lang='lat' dir='ltr'>lu·</span> 
     </span>
    </p>

    <p class='ocr_par' dir='ltr' id='par_1_10' title="bbox 250 3901 1226 4070">
     <span class='ocr_line' id='line_1_31' title="bbox 250 3901 1226 3989; baseline -0.015 -18"><span class='ocrx_word' id='word_1_203' title='bbox 250 3919 309 3989; x_wconf 75' lang='lat' dir='ltr'>Igne</span> <span class='ocrx_word' id='word_1_204' title='bbox 319 3911 398 3988; x_wconf 74' lang='lat' dir='ltr'>petire</span> <span class='ocrx_word' id='word_1_205' title='bbox 412 3927 467 3980; x_wconf 79' lang='lat' dir='ltr'>ruo,</span> <span class='ocrx_word' id='word_1_206' title='bbox 480 3907 625 3988; x_wconf 68' lang='lat' dir='ltr'>clademque</span> <span class='ocrx_word' id='word_1_207' title='bbox 637 3923 697 3965; x_wconf 81' lang='lat' dir='ltr'>eret·</span> <span class='ocrx_word' id='word_1_208' title='bbox 737 3925 802 3966; x_wconf 83' lang='lat' dir='ltr'>cem</span> <span class='ocrx_word' id='word_1_209' title='bbox 829 3906 931 3966; x_wconf 86' lang='lat' dir='ltr'>iterum</span> <span class='ocrx_word' id='word_1_210' title='bbox 954 3901 1048 3971; x_wconf 77' lang='lat' dir='ltr'>nasci,¹</span> <span class='ocrx_word' id='word_1_211' title='bbox 1073 3916 1226 3961; x_wconf 76' lang='lat' dir='ltr'>tententur</span> 
     </span>
     <span class='ocr_line' id='line_1_32' title="bbox 327 3967 1223 4070; baseline -0.021 -15"><span class='ocrx_word' id='word_1_212' title='bbox 327 4008 380 4054; x_wconf 83' lang='lat' dir='ltr'>tm</span> <span class='ocrx_word' id='word_1_213' title='bbox 396 3994 491 4054; x_wconf 77' lang='lat' dir='ltr'>leven.</span> <span class='ocrx_word' id='word_1_214' title='bbox 737 3967 790 4049; x_wconf 78' lang='lat' dir='ltr'>vei</span> <span class='ocrx_word' id='word_1_215' title='bbox 799 3990 889 4070; x_wconf 78' lang='lat' dir='ltr'>perire</span> <span class='ocrx_word' id='word_1_216' title='bbox 906 3983 942 4065; x_wconf 80' lang='lat' dir='ltr'>(fi</span> <span class='ocrx_word' id='word_1_217' title='bbox 956 3981 995 4044; x_wconf 79' lang='lat' dir='ltr'>fic</span> <span class='ocrx_word' id='word_1_218' title='bbox 1007 3984 1075 4053; x_wconf 81' lang='lat' dir='ltr'><strong>Jovi</strong></span> <span class='ocrx_word' id='word_1_219' title='bbox 1093 3981 1223 4060; x_wconf 78' lang='lat' dir='ltr'>placuit),</span> 
     </span>
    </p>

    <p class='ocr_par' dir='ltr' id='par_1_11' title="bbox 737 4064 1223 4147">
     <span class='ocr_line' id='line_1_33' title="bbox 737 4064 1223 4147; baseline -0.023 -14"><span class='ocrx_word' id='word_1_220' title='bbox 737 4071 828 4132; x_wconf 87' lang='lat' dir='ltr'><strong>modo</strong></span> <span class='ocrx_word' id='word_1_221' title='bbox 845 4071 957 4130; x_wconf 81' lang='lat' dir='ltr'>fortiter</span> <span class='ocrx_word' id='word_1_222' title='bbox 971 4083 1112 4147; x_wconf 80' lang='lat' dir='ltr'>pugnent,</span> <span class='ocrx_word' id='word_1_223' title='bbox 1137 4064 1223 4142; x_wconf 82' lang='lat' dir='ltr'>seque</span> 
     </span>
    </p>

    <p class='ocr_par' dir='ltr' id='par_1_12' title="bbox 204 4147 1227 4319">
     <span class='ocr_line' id='line_1_34' title="bbox 204 4147 1224 4294; baseline -0.022 -66"><span class='ocrx_word' id='word_1_224' title='bbox 204 4159 318 4230; x_wconf 60' lang='lat' dir='ltr'>Herum</span> <span class='ocrx_word' id='word_1_225' title='bbox 330 4159 410 4226; x_wconf 74' lang='lat' dir='ltr'>enim</span> <span class='ocrx_word' id='word_1_226' title='bbox 417 4153 699 4236; x_wconf 75' lang='lat' dir='ltr'>AietitvocuutSub·</span> <span class='ocrx_word' id='word_1_227' title='bbox 735 4155 772 4216; x_wconf 88' lang='lat' dir='ltr'>de</span> <span class='ocrx_word' id='word_1_228' title='bbox 788 4152 915 4216; x_wconf 83' lang='lat' dir='ltr'>hostibut</span> <span class='ocrx_word' id='word_1_229' title='bbox 927 4150 983 4215; x_wconf 83' lang='lat' dir='ltr'>suit</span> <span class='ocrx_word' id='word_1_230' title='bbox 998 4147 1082 4225; x_wconf 69' lang='lat' dir='ltr'>ultus,</span> <span class='ocrx_word' id='word_1_231' title='bbox 1101 4148 1224 4294; x_wconf 40' lang='lat' dir='ltr'>perierit.</span> 
     </span>
     <span class='ocr_line' id='line_1_35' title="bbox 787 4241 1227 4319; baseline -0.023 1"><span class='ocrx_word' id='word_1_232' title='bbox 787 4241 812 4306; x_wconf 58' lang='lat'><strong>3</strong></span> <span class='ocrx_word' id='word_1_233' title='bbox 833 4259 853 4319; x_wconf 77' lang='lat' dir='ltr'>t</span> <span class='ocrx_word' id='word_1_234' title='bbox 1195 4247 1227 4310; x_wconf 68' lang='grc'>3,·</span> 
     </span>
    </p>
   </div>
   <div class='ocr_carea' id='block_1_7' title="bbox 0 0 1584 5267">
    <p class='ocr_par' dir='ltr' id='par_1_13' title="bbox 0 0 1584 5267">
     <span class='ocr_line' id='line_1_36' title="bbox 0 0 1584 5267; baseline 0 3"><span class='ocrx_word' id='word_1_235' title='bbox 0 0 1584 5267; x_wconf 95' lang='lat' dir='ltr'> </span> 
     </span>
    </p>
   </div>
  </div>
 </body>
</html>
