3159 5267
314 439 407 526 DE
466 440 993 527 SUBLIMITATE
1040 449 1115 530 &o
1317 448 1369 562 85

202 601 327 668 tamen
348 585 564 668 Stiblimem
588 587 625 667 se
645 587 917 698 prestet,·Tu,
945 593 1016 700 qui
1032 591 1161 700 legisti
1179 619 1223 674 ea

204 743 292 824 quae
317 717 356 796 in
381 716 455 824 ejus
471 714 667 824 republici
692 716 930 814 continentur,
958 742 1038 798 non
1062 720 1224 826 ignoras.

205 851 232 885 “
260 842 345 949 Qi
373 842 532 951 quidem
557 841 749 950 sapientie
781 843 821 923 δι
851 841 1007 924 virtutis
1035 860 1225 952 expertes,

204 975 231 1011 “
258 965 448 1048 conviviis
465 964 554 1046 vero
571 963 845 1075 &hujusmodi
862 969 973 1048 rebus
995 965 1143 1075 semper
1158 969 1224 1048 in-

202 1098 229 1138 “
257 1087 794 1199 dulgentes,‘deorsi1m(uti
826 1118 895 1202 par
924 1091 1006 1198 est)
1030 1089 1218 1191 feruntur,

201 1226 230 1264 “
257 1241 376 1327 atque
399 1217 453 1299 ita
469 1245 540 1326 ‘per
565 1217 689 1298 vitam
707 1241 918 1325 vagantum
945 1217 994 1298 ad
1017 1217 1220 1304 veritatem

202 1351 229 1388 “
256 1365 390 1425 autem
409 1357 534 1451 neque
551 1342 799 1450 suspexerunt
817 1367 1006 1451 unquam,
1023 1367 1149 1452 neque
1164 1342 1222 1424 as·

201 1481 228 1523 ‘⁸
256 1472 512 1569 surrexerunt,
540 1499 664 1580 neque
686 1467 860 1552 stabilem
875 1469 989 1552 ullam
1012 1473 1053 1552 δε
1080 1497 1222 1579 puram

202 1597 498 1707 “voluptatem
526 1597 794 1704 gustaverunt:
829 1598 904 1696 sed,
933 1596 1128 1706 pecudum
1159 1600 1222 1682 in-

204 1733 232 1771 “
259 1724 346 1822 stis,
385 1719 566 1804 deorsitm
593 1721 741 1833 semper
769 1725 969 1820 intuentes,
1007 1721 1222 1835 deflexique

201 1860 229 1897 “
257 1853 306 1933 ad
325 1873 466 1934 terram
483 1850 523 1930 δι
548 1849 597 1930 ad
613 1849 759 1930 mensas
785 1849 940 1957 explent
971 1848 1009 1930 se
1029 1850 1153 1958 epulis
1179 1853 1220 1932 δι

203 1984 230 2026 “
257 2002 420 2070 venere3
461 1977 502 2056 &
529 1973 641 2056 causi
674 1973 895 2084 cupiditatis
921 1973 1062 2056 harum
1091 2002 1222 2060 rerum

203 2101 493 2186 “calcitrantes
525 2103 566 2182 δι
597 2098 799 2181 arietantes
827 2100 863 2179 se
888 2098 1018 2180 ferreis
1041 2099 1233 2188 cornibus·

202 2227 485 2340 “ungulisque
512 2223 748 2313 interficiunt
775 2253 823 2312 ex
851 2223 1052 2315 insatiabili
1078 2225 1221 2312 defide-

205 2365 232 2406 “
259 2358 354 2442 rio.”

261 2610 435 2698 Ostendit
459 2635 591 2696 autem
618 2609 726 2694 nobis
747 2607 906 2710 hiavit,
934 2607 961 2687 fi
985 2605 1155 2691 nolimus
1171 2607 1221 2692 il.
1238 2621 1283 2708 12‘
1295 2614 1387 2674 mna.

202 2739 278 2823 lum
295 2737 496 2849 negligere,
525 2737 642 2835 eliam
659 2739 778 2822 etiam
798 2736 870 2821 effe
886 2738 1094 2845 quandam,
1124 2763 1221 2844 prae·
1235 2713 1310 2760 enm.

204 2893 260 2956 ter
277 2891 337 2946 eas
355 2891 449 2974 quas
473 2863 731 2963 traCtavimus,
760 2859 876 2960 viam,
905 2889 989 2970 quae
1016 2862 1066 2942 ad
1093 2862 1221 2943 Subli-

204 2993 282 3074 mia
300 2991 433 3074 ducit:
462 2987 585 3100 qualis
604 3014 748 3088 autem,
778 2992 819 3069 δε
845 3013 1024 3098 quaenam
1040 2986 1088 3096 est
1106 2985 1219 3070 haec?

201 3137 323 3229 nempe
339 3115 510 3198 imitatio
528 3112 798 3226 aemulatioque
810 3140 1042 3222 magnorum
1059 3113 1221 3222 scripto-

202 3269 293 3324 rum
325 3242 588 3352 prosaicorum
612 3240 652 3320 δι
682 3249 899 3345 poetarum,
917 3297 922 3307 .
939 3235 1009 3342 qui
1037 3257 1125 3313 ante
1150 3263 1221 3316 nos

201 3371 394 3458 vixerunt.
465 3367 520 3451 Et
550 3365 599 3448 ad
629 3362 736 3448 hunc
771 3360 949 3474 scopum,
993 3355 1222 3460 chariffime,

1103 3480 1225 3583 oculos,

248 3647 283 3704 L.
303 3663 346 3722 η.
365 3637 562 3706 ’Erieiervw
577 3631 691 3716 ei’tittiv
734 3637 787 3704 hic
809 3636 868 3719 agit
887 3631 973 3715 usque
988 3629 1023 3696 ni
1043 3628 1135 3690 finem
1148 3635 1223 3702 Seii,

204 3729 275 3804 &c.]
310 3727 458 3808 Longinus
480 3723 516 3784 de
537 3721 692 3806 improviso
738 3745 783 3797 ¹4·

204 3817 234 3868 δι
256 3807 333 3890 quoii
355 3827 453 3880 eontra
474 3809 599 3868 formam
618 3805 693 3866 insti-
774 3811 810 3864 L.
825 3824 869 3872 ¹4·
883 3793 931 3862 Mi
944 3795 1166 3877 κατολιγορᾶν]
1183 3801 1227 3858 Ita

204 3895 255 3956 tuti
276 3893 315 3958 sui
337 3893 432 3974 operis
445 3891 530 3952 aliam
546 3891 593 3949 hic
610 3909 693 3948 exco-
735 3881 1226 3954 MstiPar.,Ambr.El.&Vanduo,

203 3980 272 4058 gim
287 3976 377 4046 vimi,
392 3977 466 4036 unde
479 3974 620 4035 sublimes
633 3971 693 4031 sen·
735 3988 851 4030 necnon
873 3968 946 4028 Edit.
970 3969 1060 4046 prima
1077 3995 1086 4036 5
1114 3964 1227 4042 enigma

204 4059 248 4116 sus
262 4063 426 4128 excitentur,
443 4049 479 4123 [εξ
497 4057 692 4118 Imitationem
735 4056 822 4114 leflio
853 4047 1095 4132 utomyepiim
1133 4049 1228 4148 minus

204 4141 372 4212 sublimium
395 4139 573 4228 scriptorum,
604 4143 634 4204 ὗι
658 4137 693 4200 de
734 4137 858 4288 placat.3
1098 4155 1131 4197 ι’·
1147 4216 1183 4274 L
1204 4212 1233 4289 ¹³
