3159 5267
341 453 1054 540 FRAGMENTA.

190 593 292 678 mihi
307 595 495 684 accideret
511 595 644 679 multis
657 597 732 706 p'us
744 598 979 705 argumentis
995 624 1075 680 non
1090 595 1210 680 ass'cn·

192 725 284 807 tiri:
312 723 500 805 scribendi
531 723 622 805 vcro
651 723 831 823 formam,
872 725 913 804 δι
939 724 1213 808 sententiarum

192 849 305 958 hujus
321 849 395 933 viti
415 849 652 950 denfitatem,
679 880 726 934 ac
750 849 1066 961 Philosophicam
1090 853 1213 964 quaes÷

192 977 347 1060 tionum
364 978 629 1060 uenationem
646 979 818 1060 immane
837 1005 1030 1090 quantum
1045 983 1213 1064 adnutu.

194 1103 229 1183 ri
246 1105 286 1184 δε
302 1130 456 1197 amare3
484 1104 580 1212 quin
598 1106 639 1185 δε
657 1103 706 1185 ab
722 1105 782 1203 iis,
811 1106 880 1214 qui
901 1109 942 1188 in
960 1133 1087 1188 terum
1108 1107 1210 1188 veri-

193 1253 312 1312 tatem
336 1230 549 1340 inquirunt,
578 1231 696 1313 libros
714 1229 818 1314 illius
841 1231 941 1315 inter
957 1233 1211 1342 praeiiantiffi-

194 1387 279 1442 mos
297 1363 387 1444 dico
402 1361 533 1442 referri
551 1384 737 1473 oportere.

234 1581 325 1688 ΥΠ,
381 1585 446 1690 Ex
463 1579 618 1686 Eusebii
636 1579 914 1688 Praeparatiotte
930 1579 1175 1692 Evangelica,

412 1709 481 1792 lib.
503 1735 564 1817 15·
590 1733 628 1814 p.
644 1703 735 1790 822.
753 1702 859 1802 Edit.
878 1703 1006 1812 Pariſs

197 1870 328 2038 UT
345 1893 476 1954 autem
491 1894 574 1947 tem
591 1865 724 1974 paucis
742 1865 958 1975 expediam,
986 1863 1098 1975 longe
1114 1867 1214 1952 mihi
1291 1831 1295 1840 Ι

314 1995 374 2078 illi
401 2017 535 2076 omncs
550 1990 573 2072 i
590 1990 680 2072 verti
697 1989 853 2071 tationis
877 1991 939 2072 vii
963 1993 1139 2074 receffiffe
1155 1995 1215 2078 vi-

196 2127 349 2223 dentur,
377 2119 601 2230 quicunque
623 2114 796 2197 animam
820 2139 959 2224 corpus
981 2118 1053 2199 effe
1071 2117 1216 2202 statu&-

196 2279 266 2334 te:
294 2249 366 2358 qui
387 2245 495 2328 enim
511 2243 593 2325 fieri
610 2241 745 2351 potest,
773 2267 820 2324 ut
837 2244 884 2324 de
906 2244 988 2351 ipsi
1003 2243 1215 2330 statuarnus

197 2374 308 2458 illam
325 2369 444 2477 alicui
463 2394 513 2452 ex
533 2365 730 2448 elementis
746 2364 913 2446 fimilem
927 2364 1026 2448 effe?
1054 2393 1122 2451 aut
1138 2371 1216 2480 qui

198 2503 345 2584 tatione
364 2497 469 2580 illam
490 2497 539 2592 ad
556 2493 816 2577 concretiones
831 2495 870 2574 δε
888 2493 1095 2576 mixtiones
1116 2497 1215 2578 refe·

199 2631 356 2710 camus?
383 2649 471 2734 quae
495 2649 588 2705 cum
608 2619 721 2702 variis
747 2618 843 2709 fiant
866 2621 1005 2718 modis,
1034 2620 1215 2704 innume.

200 2782 259 2837 tas
276 2754 442 2838 aliorum
460 2775 670 2859 corporum
686 2748 827 2858 species
843 2747 1051 2857 producere
1071 2747 1216 2834 solent:

200 2881 423 2990 inquibus,
460 2877 527 2960 etsi
550 2875 674 2958 nont}
702 2875 895 2986 proximo,
936 2873 1038 2957 certi
1063 2877 1219 2958 nonita
1274 2891 1276 2898 “

199 3007 347 3091 remote
367 3007 456 3088 licet
473 3005 601 3084 videte
617 3000 893 3084 elementorum
910 3001 1107 3111 existentia
1122 3033 1216 3088 cau-

201 3137 296 3250 sam!
316 3135 607 3243 primorumque
619 3131 668 3212 ad
684 3129 846 3211 secunda
865 3131 1050 3240 tertiaque
1064 3131 1216 3242 qfficien·

199 3261 249 3342 da
269 3256 464 3354 conatum.
519 3261 574 3338 At
594 3255 634 3334 in
651 3252 724 3353 his,
752 3279 839 3378 quae
856 3257 905 3337 ad
922 3254 1109 3338 Animam
1130 3285 1218 3366 pet.

199 3386 335 3484 tinent,
363 3412 411 3464 ne
430 3381 633 3491 vestigium
654 3381 813 3491 quidem
833 3379 996 3490 originis,
1024 3403 1092 3464 aut
1114 3383 1218 3468 indi.

201 3513 309 3595 cium
327 3514 368 3625 in
391 3509 617 3617 corporibus
638 3506 844 3618 reperiturt
872 3507 1019 3587 etiamfi
1042 3509 1141 3617 quis,
1169 3511 1218 3592 ad

201 3637 427 3747 Epicuri&
453 3632 659 3744 Chtyfippi
683 3631 921 3744 exemplum,
949 3659 1107 3715 omnem
1132 3663 1219 3716 mo-

201 3794 289 3848 vete
309 3762 479 3874 lapidem
495 3757 625 3840 scdulo
642 3757 818 3858 voluerit,
832 3785 1063 3868 omnemque
1080 3763 1220 3871 exqui.

201 3921 283 3977 rete
304 3891 475 4004 corporis
499 3888 726 4000 potentiam,
753 3887 856 3972 unde
885 3886 1025 3986 animae
1052 3889 1218 3976 actiones

1005 4015 1218 4100 nascuntur.

245 4177 257 4217 5
279 4163 313 4223 ld
328 4163 379 4232 est,
394 4161 548 4244 pugnffum
569 4165 600 4220 δι
624 4159 701 4251 quast
715 4161 908 4252 mmfflttum,
928 4177 957 4224 ut
976 4161 1061 4252 §iestis
1079 4179 1150 4238 um
1166 4181 1220 4240 vo·¹

204 4267 260 4336 cut,
280 4248 397 4339 titoffit.
411 4248 431 4313 Ι.
444 4270 468 4312 ι.
483 4267 549 4343 «54.
569 4250 606 4313 T.
1147 4255 1159 4290 ¹
1180 4249 1221 4332 1⁸!

1302 487 1383 576 297
