3159 5267
290 492 390 579 on
442 492 967 582 sunnrnrrraro
1015 504 1092 589 aa·
1298 528 1346 612 ις

174 662 319 739 tantur,
356 636 426 719 soli
439 638 512 746 stro
529 636 695 745 impetui
713 637 754 718 dc
769 636 931 721 indooae
954 642 1126 725 audaciae
1142 672 1202 727 te-

177 762 269 855 licta
279 806 292 864 ς
310 794 415 863 nam,
430 788 477 847 ut
494 763 571 846 illis
591 762 730 847 calcari
748 765 857 877 saepe,
876 765 926 849 lic
942 767 1064 849 mam
1080 768 1204 856 fraeno
1268 810 1274 825 ·

179 922 277 1004 opus
290 892 353 975 est
372 890 494 1001 Qod
503 890 612 971 enim
625 890 902 974 Demosthenes
916 896 1142 1003 pronuntiat
1151 900 1202 981 dc

178 1015 386 1099 communi
411 1012 619 1095 hominum
650 1014 777 1135 viti(
802 1008 1073 1101 “maximum
1106 1020 1199 1132 qui-

179 1150 208 1186 “
238 1142 331 1225 dem
356 1138 423 1221 esse
445 1140 651 1239 bonorum,
679 1138 836 1225 felicem
862 1143 946 1243 esse,
973 1147 1201 1257 proximum

182 1275 213 1311 “
243 1265 333 1347 verd
349 1266 387 1345 dc
411 1264 451 1345 id
468 1290 548 1345 non
565 1265 708 1362 minus,
736 1266 832 1346 bene
863 1268 1058 1351 instituere
1081 1272 1204 1353 coust·

184 1400 214 1437 “
241 1390 322 1487 lia3
357 1384 465 1501 quod
484 1388 710 1499 postremum,
749 1391 889 1501 quibus
919 1417 999 1473 non
1023 1394 1205 1497 adfuerit,

182 1527 212 1565 “
240 1516 341 1598 tollit
368 1514 519 1626 prorsus
537 1510 689 1598 &illud
706 1514 953 1626 alterum):'’
980 1516 1058 1601 hoc
1073 1520 1205 1631 ipsum

181 1646 302 1727 etiam
338 1644 387 1725 de
424 1641 573 1752 scriptis
609 1642 806 1752 possumus
842 1644 999 1742 dicere3
1049 1674 1204 1758 nempe,

182 1768 291 1880 qudd
308 1770 460 1850 Natura
482 1767 643 1878 quidem
669 1770 820 1851 obtinet
843 1770 976 1852 locum
998 1769 1205 1871 felicitatis,

183 1898 260 1977 Ars
275 1918 406 1976 autem
424 1892 571 1974 consilii
590 1894 687 1973 bene
706 1893 882 1977 instituti.
936 1896 1005 1996 Et,
1033 1896 1074 1976 id
1100 1898 1207 2007 quod

184 2021 427 2133 praecipuum
451 2018 516 2114 est,
531 2018 575 2127 fi
595 2016 673 2129 quis
696 2016 927 2128 cogitaverit,
957 2019 1065 2132 qudd
1082 2023 1122 2102 id
1146 2024 1208 2133 ip-

183 2148 284 2246 sum,
300 2144 560 2255 sc.quaeda1n
583 2170 632 2225 cx
662 2144 721 2243 iis,
748 2173 836 2255 quae
863 2146 951 2228 sunt
980 2146 1206 2257 inscriptis,

184 2276 346 2357 Naturae
371 2268 440 2353 soli
465 2270 596 2351 relisla
619 2270 701 2369 else,
731 2300 810 2352 non
833 2274 1028 2382 possumus
1053 2270 1209 2355 aliunde

182 2403 341 2499 discere,
369 2398 490 2507 quim
505 2424 554 2477 ex
571 2400 691 2479 Arte:
720 2394 760 2478 Si
774 2397 858 2480 haec
884 2402 945 2507 (ut
963 2401 1064 2507 dixi)
1081 2400 1210 2510 lingu-

185 2526 305 2608 latim
328 2522 552 2631 cogitaverit
574 2522 618 2620 is,
647 2524 717 2631 qui
736 2549 924 2634 praecepta
941 2523 1053 2605 utilia
1080 2526 1209 2606 dantec

184 2646 445 2759 reprehendit,
474 2672 552 2727 non
568 2644 736 2754 amplius
762 2645 878 2755 (mihi
901 2647 1074 2754 videtur)
1092 2648 1210 2755 puts-

184 2776 240 2855 rit
258 2772 624 2856 commentationem
642 2772 689 2852 de
713 2772 824 2853 rebus
839 2772 1042 2883 propofitis
1061 2770 1210 2877 insitu-

186 2914 267 2981 tam
282 2896 599 3009 supervacaneam
615 2894 685 2977 esse
699 2896 739 2977 dc
756 2896 948 2981 inutilem.

961 3045 1208 3102 eece*

187 3268 240 3353 qui
253 3260 407 3331 Aristotelia
427 3264 608 3329 Problemata
625 3262 682 3347 (de
720 3266 835 3346 quidam
848 3268 965 3327 Amicus
987 3266 1087 3343 meos)
1113 3265 1210 3345 paulu·

190 3373 250 3433 quo
265 3350 356 3415 modo
378 3350 454 3429 dixi)
473 3353 613 3427 continet,
634 3350 683 3409 lra-
721 3348 816 3409 lame
839 3354 900 3410 llsi
920 3350 993 3409 illiue
1015 3346 1139 3407 ledione
1157 3348 1211 3407 dis-

193 3438 266 3497 bent
291 3433 466 3513 nausearet
501 3434 549 3493 sed
572 3436 603 3493 in
626 3432 682 3493 hoc
722 3431 885 3503 sentiemus,
905 3452 959 3493 net
978 3426 1087 3490 neeesse
1103 3431 1154 3489 erit
1171 3430 1212 3491 le·

193 3524 264 3580 nso
280 3524 341 3583 l’ar.
354 3518 446 3581 solum
460 3518 580 3579 occurrit
594 3540 681 3581 tetro
722 3536 789 3599 gere
805 3536 871 3577 cum
887 3518 933 3577 Cl.
943 3514 1066 3577 Boivioo
1083 3520 1212 3608 5750„

192 3602 284 3667 veteri
297 3604 536 3685 manuscriptum,
555 3624 623 3677 κομι
641 3600 680 3664 est
723 3624 765 3663 το.
792 3620 857 3661 cum
880 3620 939 3665 vox
962 3599 1115 3681 venirem
1133 3602 1211 3665 idem

190 3682 210 3745 it
228 3704 338 3769 nupero
359 3686 495 3749 calamo:
517 3684 538 3745 fi
553 3686 679 3770 legamus
722 3672 861 3767 significet
873 3702 906 3745 ac
923 3684 1083 3771 ἡγήσατο,
1092 3688 1210 3771 snserit,

192 3771 343 3853 repleam
362 3776 407 3859 (ut
419 3770 571 3859 legendum
587 3768 681 3835 censet
720 3768 888 3855 velpeu‘rin
